@incollection{AMC-HPF-codegen-chapter2001,
author={Adve, Vikram and Mellor-Crummey, John},
year=2001,
isbn={978-3-540-41945-7},
booktitle={Compiler Optimizations for Scalable Parallel Systems},
volume=1808,
series={Lecture Notes in Computer Science},
editor={Pande, Santosh and Agrawal, DharmaP.},
doi={10.1007/3-540-45403-9_16},
title={Advanced Code Generation for High Performance Fortran},
url={http://dx.doi.org/10.1007/3-540-45403-9_16},
publisher={Springer Berlin Heidelberg},
pages={553-596},
language={English}
}

@article{adve-etal-sc98,
author = {Adve, V. and Jin, G. and Mellor-Crummey, J. and Yi, Q.},
title = {{High Performance Fortran} Compilation Techniques for Parallelizing
                  Scientific Codes},
journal ={SC Conference},
volume = 0,
isbn = {0-8186-8707-X},
year = 1998,
pages = 11,
doi = {http://doi.ieeecomputersociety.org/10.1109/SC.1998.10034},
publisher = {IEEE Computer Society},
address = {Los Alamitos, CA, USA},
}

@Article{ahmed-etal-ijpp2001,
author = {Ahmed, Nawaaz and Mateev, Nikolay and Pingali, Keshav},
title={Synthesizing Transformations for Locality Enhancement of
                  Imperfectly-Nested Loop Nests},
journal = {International Journal of Parallel Programming},
year="2001",
volume="29",
number="5",
pages="493--544",
}

@article{ancourt-etal-97-pips,
  title={A linear algebra framework for static High Performance {Fortran} code
                  distribution},
  author={Ancourt, Corinne and Coelho, Fabien and Irigoin, Francois and
                  Keryell, Ronan},
  journal={Scientific Programming},
  volume={6},
  number={1},
  pages={3--27},
  year={1997},
  publisher={IOS Press}
}

@InProceedings{ancourt94-pips,
  author = 	 {Ancourt, C. and Apvrille, B. and Coelho, F. and Irigoin,
                  F. and Jouvelot, P. and Keryell, R.},
  title = 	 {{PIPS:} A Workbench for Interprocedural Program Analyses and
                  Parallelization},
  booktitle = {Franco-British N+N Meeting on Data Parallel Languages and
                  Compilers for Portable Parallel Computing},
  year = 	 1994,
  address = 	 {Villeneuve d'Ascq, France},
  month = 	 {April}}

@InProceedings{alias-lctes07,
  author = 	 {Alias, C. and Baray, C. and Darte, A.},
  title = 	 {Bee+Cl@k: An Implementation of Lattice-Based Array
                  Contraction in the Source-to-Source Translator ROSE},
  booktitle = {LCTES 2007: ACM Conference on Languages, Compilers and Tools
                  for Embedded Systems},
  year = 	 2007,
  address = 	 {San Diego, CA},
  month = 	 {June},
  organization = {ACM}}

@TechReport{asanovic-etal-berkeley-view2006,
  author = 	 {Asanovic, K. and Bodik, R. and Catanzaro, B. C. and Gebis,
                  J. J. abd Husbands, P. and Keutzer, K. and Patterson,
                  D. A. and Plishker, W. L. and Shalf, J. and Williams,
                  S. W. and Yelick, K. A.},
  title = 	 {The Landscape of Parallel Computing Research: A View from
                  Berkeley},
  institution =  {UC Berkeley},
  year = 	 2006,
  type =	 {EECS Tech Report},
  number =	 {EECE-2006-183},
  month =	 {Decembeer},
  note =	 {\texttt{www.eecs.berkeley.edu/Pubs/TechRpts/2006\ldots}\\
                  \texttt{/EECS-2006-183.pdf}}
}

@Unpublished{www-archi,
  author = 	 {NSF},
  title = 	 {Workshop on Critical Issues in Computer Architecture
		  Research},
  year =	 1996,
  month =	 {May},
  note = 	 {The web site
		  \texttt{http://www.cise.nsf.gov/mips/MSAWorkshop96} gives
		  the position statements of the panelists}
}

@InProceedings{adve-dhpf-pldi98,
  author = 	 {Adve, V. and Mellor-Crummey, J.},
  title = 	 {Using Integer Sets for Data-Parallel Program Analysis and
                  Optimization},
  booktitle =	 {The {ACM SIGPLAN} 1998 Conference on Programming Language
                  Design and Implementation},
  year =	 1998,
  address =	 {Montreal, CA},
  month =	 {June}
}

@Patent{AliasPatent2,
author = {Alias, Christophe and Plesco, Alexandru},
title = {Procédé de synthèse automatique de circuits, dispositif et
programme d'ordinateur associés},
year = {2015},
month = {10},
day = {22},
number = {WO2015159001 A1},
type = {Patent},
version = {},
location = {FR},
filing_num = {PCT/FR2015/050969},
yearfiled = {2014},
monthfiled = {04},
dayfiled = {10}
}

@misc{AliasPatent,
  author =        {Alias, Christophe and Plesco, Alexandru},
  howpublished =  {Patent Application},
  month =         {October},
  note =          {Filing number PCT/FR2015/050969},
  title =         {Procédé de Synthèse Automatique de Circuits, Dispositif et
                  Programme d'Ordinateur Associés},
  year =          {2015},
}

@InProceedings{AK-pcsc82,
  author = 	 {Allen, R. and Kennedy, K.},
  title = 	 {{PFC}: A Program to Convert {Fortran} to Parallel Form},
  booktitle = 	 {{IBM} Conference on Parallel Processing and Scientific
                  Computing},
  year =	 1982
}

@Article{AK-toplas87,
  author = 	 {Allen, R. and Kennedy, K.},
  title = 	 {Automatic Translation of {Fortran} Programs to Parallel
                  Form},
  journal = 	 {{ACM} Transactions on Programming Languages and Systems},
  year = 	 1987,
  volume =	 9,
  number =	 4,
  pages =	 {491-542},
  month =	 {October}
}

@Book{AK-book02,
  author =	 {Allen, R. and Kennedy, K.},
  title = 	 {Optimizing Compilers for Modern Architectures},
  publisher = 	 {Morgan Kaufmann},
  year = 	 2002
}

@Article{alpern-etal-UMH-model1994,
  author = 	 {Alpern, B. and Carter, L. and Feig, E. and Selker, T.},
  title = 	 {The Uniform Memory Hierarchy Model of Computation},
  journal = 	 {Algorithmica},
  year = 	 1994,
  volume = 	 12,
  number = 	 {2--3},
  pages = 	 {72--109}}

@inproceedings{alpern-etal-PMH-model1993,
    author = {Bowen Alpern and Larry Carter and Jeanne Ferrante},
    title = {Modeling Parallel Computers as Memory Hierarchies},
    booktitle = {In Proc. Programming Models for Massively Parallel
                  Computers},
    year = {1993},
    pages = {116--123},
    publisher = {IEEE Computer Society Press}
}

@Article{abraham-tpds91,
author=		"Abraham, S. and Hudak, XX.",
title=		"Compile-time Partitioning of Iterative Parallel Loops to
		Reduce Cache Coherrency Traffic",
journal=	"IEEE Transactions on Parallel and Distributed Systems",
year=		1991,
volume=		"?",
number=		"?",
pages=		"318-328",
month=		"July"
}

@Article{AKN-tpds95,
  author =       "Agarwal, A. and Kranz, D. and Natarajan, V.",
  title =        "Automatic Partitioning of  Parallel Loops and Data
                  Arrays for Distributed Shared-Memory Multiprocessor",
     journal =   "IEEE Trans. Parallel and Distrib. Syst.",
     year =      "1995",
     volume =    "6",
     number =    "9",
     pages =     "943-962",
     month =     "September"
}

@InProceedings{amar-lam-pldi93,
Author=		"Amarasinghe, S. and Lam, M.",
BookTitle=	"The {ACM SIGPLAN} `93 Conference on Programming Language
                  Design and Implementation",
Publisher=	"ACM Press",
Title=	"Communication Optimization and Code Generation for Distributed Memory
                  Machines",
Year=		1993,
Month=		"Jun",
pages=		{126-138},
address=	"Albuquerque, N.M."
}

@PhdThesis{amarasinghe-thesis,
  author = 	 {Amarasinghe, S. P.},
  title = 	 {Parallelizing Compiler Techniques based on Linear
                  Inequalities},
  school = 	 {Stanford University},
  year = 	 1997,
  address =	 {Computer Science Department}
}

@InProceedings{and-lam-pldi93,
Author=		"Anderson, J. and Lam, M.",
BookTitle=	"The {ACM SIGPLAN} '93 Conference on Programming Language
		Design and Implementation",
Publisher=	"ACM Press",
Title=	"Global Optimizations for Parallelism and Locality on Scalable
		  Parallel Machines",
Year=		1993,
Month=		"Jun",
pages=		{112-125},
address=	"Albuquerque, N.M."
}

@InProceedings{andonov-spaa02,
  author = 	 {Almeida, F. and Andonov, R. and Gonzales, D. and Moreno,
                  L. M. and Poirriez, V. and Rodriguez, C.},
  title = 	 {Optimal Tiling for the {RNA} Base Pairing Problem},
  booktitle = 	 {SPAA 2002: Fourteenth ACM Conference on Parallel Algorithms
                  and Architectures},
  year =	 2002,
  address =	 {Winipeg, Canada},
  month =	 {August},
  organization = {ACM}
}

@InProceedings{ABR-hipc96,
  author = 	 {Andonov, R. and Bourzoufi, H. and Rajopadhye, S.},
  title = 	 {Two-dimensional Orthogonal Tiling: from Theory to Practice},
  booktitle = 	 {International Conference on High Performance Computing},
  year =	 1996,
  organization = {IEEE},
  address =	 {Tiruvananthapuram, India},
  month =	 {December},
  pages =	 {225-231}
}

@InProceedings{ARY-98,
  author = 	 {Andonov, R. and Rajopadhye, S. and Yanev, N.},
  title = 	 {Optimal Orthogonal Tiling},
  booktitle = 	 {Fourth International Euro-Par Conference},
  pages =	 {480-490},
  year =	 1998,
  editor =	 {Pritchard, D. and Reeve, J.},
  address =	 {Southampton, UK},
  month =	 {September}
}

@InProceedings{AYB-asap97,
  author = 	 {Andonov, R. and Yanev, N. and Bourzoufi, H.},
  title = 	 {Three-dimensional Orthogonal Tile Sizing Problem:
		  Mathematical Programming Approach},
  booktitle = 	 {ASAP 97: International Conference on Application-Specific
		  Systems, Architectures and Processors},
  year =	 1997,
  organization = {IEEE},
  publisher =	 {Computer Society Press},
  address =	 {Zurich, Switzerland},
  month =	 {July},
  pages =	 {209-218}
}

@TechReport{AY-nd96,
  author = 	 {Andonov, R. and Yanev, N.},
  title = 	 {n-Diemnsional Orthogonal Tile Sizing Problem},
  institution =  {LIMAV, Université de Valenciennes},
  year = 	 1996,
  number =	 {RR-96-6},
  month =	 {September}
}

@Article{AR97,
  author = 	 {Andonov, R. and Rajopadhye, S.},
  title = 	 {Optimal Orthogonal Tiling of 2-D Iterations},
  journal = 	 {Journal of Parallel and Distributed Computing},
  year = 	 1997,
  volume =	 {45},
  number =	 {2},
  month =	 {September},
  pages =	 {159-165}
}

@TechReport{atable92,
author=		"Hains, G. and Mullin, L., editors",
title=		"ATABLE 92: Second International Workshop on Array Structure,
		June 1992",
institution=	"DIRO, Univ de Montreal",
year=		1992,
number=		841,
address=	"Montreal, CA",
month=		"Nov"
}

@TechReport{abrams-apl,
author=		"Abrams, P. S.",
title=		"An {APL} Machine",
institution=	"Stanford University",
year=		"1970",
number=		"SLAC Report, 114"
}

@InProceedings{AncIr91,
author=		"Ancourt, C. and Irigoin, F.",
title=		"Scanning polyhedra with {DO} loops",
pages=		"39-50",
booktitle=	"Third Symposium on Principles and Practice of Parallel
		Programming (PPoPP)",
year=		1991,
organization=	"ACM SIGPLAN",
publisher=	"ACM Press"
}

@PHDTHESIS{Ancourt91,
        AUTHOR             = {C. Ancourt},
        HOWPUBLISHED       = {Th\`ese de Doctorat},
        SCHOOL             = {Universit\'e de Paris VI},
	TITLE = {G\'{e}n\'{e}ration automatique de codes de transfert pour
		  	  multiprocesseurs \`{a} m\'{e}moires locales},
        YEAR               = {1991},
        ANNOTE             = {Ancourt91. Voir \cite{Ancourt90}. C'est bien
			  s\^ur plus d\'etaill\'e.}}


@INPROCEEDINGS{Ancourt90,
        AUTHOR             = {C. Ancourt},
        BOOKTITLE          = {Int. Workshop on Compilers for Parallel
		  Computers},
        ORGANIZATION       = {Ecole des Mines de Paris},
        PAGES              = {81-102},
        TITLE              = {Code generation for data movements in
		  Hierarchical Memory Machines},
        YEAR               = {1990},
        ANNOTE             = {Ancourt90. Techniques pour d\'eterminer les
conn\'ees \`a lire et recompier pour l'ex\'ecution des
boucles, sur un calculateur \`a hi\'erarchie de m\'emoire. Contient
pas mal d'algorithmes sur les convexes, y compris les convexes
\`a trous.}
}

@Book{lucid85,
author=		"Ashcroft, E. A. and Wadge, W. W.",
title=		"Lucid, the Data-Flow Programming Language",
publisher=	"Academic Press",
year=		"1985"
}

@Article{Bagnara-ppl08,
  Author = "R. Bagnara and P. M. Hill and E. Zaffanella",
  Title = "The {Parma Polyhedra Library}: Toward a Complete Set of Numerical
           Abstractions for the Analysis and Verification
           of Hardware and Software Systems",
  Journal = "Science of Computer Programming",
  Volume = 72,
  Number = "1--2",
  Pages = "3--21",
  Year = 2008,
}

@INPROCEEDINGS{gpusim, 
author="Ali Bakhoda and George L. Yuan and Wilson W.L. Fung and Henry Wong and
                  Tor M. Aamodt",
booktitle="Proceedings of the IEEE International Symposium on Performance
                  Analysis of Systems and Software",
title="Analyzing {CUDA} Workloads Using a Detailed {GPU} Simulator", 
series = {ISPASS},
year={2009}, 
month={April}, 
pages={163-174},
}

@inproceedings{Bandishti12,
 	author = {Bandishti, Vinayaka and Irshad Pananilath and Uday
                  Bondhugula},
 	title = {Tiling Stencil Computations to Maximize Parallelism},
 	booktitle = {the International conference on high performance
                  computing, networking, storage and analysis},
 	series = {SC '12},
 	year = {2012},
 	pages = {40:1-40:11},
 	articleno = {40},
	numpages = {11},
 	location = {Salt Lake City, Utah},
 	publisher = {IEEE Computer Society Press},
 	address = {Los Alamitos, CA, USA}
} 

@book{banerjee-88,
author=		"Banerjee, Utpal",
title=		"Dependence Analysis for Supercomputing",
publisher=	"Kluwer Academic Publishers",
year=		1988}

@Book{banerjee-93,
  author =	 {Banerjee, U.},
  title = 	 {Loop Transformations for Restructuring Compilers},
  publisher = 	 {Kluwer Academic Publishers},
  year = 	 1993
}

@article{bao-etal-dvfs-taco16,
 author = {Bao, Wenlei and Hong, Changwan and Chunduri, Sudheer and
                  Krishnamoorthy, Sriram and Pouchet, Louis-Noël and Rastello,
                  Fabrice and Sadayappan, P.},
 title = {Static and Dynamic Frequency Scaling on Multicore CPUs},
 journal = {ACM Trans. Archit. Code Optim.},
 issue_date = {December 2016},
 volume = {13},
 number = {4},
 month = dec,
 year = {2016},
 issn = {1544-3566},
 pages = {51:1--51:26},
 articleno = {51},
 numpages = {26},
 url = {http://doi.acm.org/10.1145/3011017},
 doi = {10.1145/3011017},
 acmid = {3011017},
 publisher = {ACM},
 address = {New York, NY, USA},
 keywords = {Affine Programs, CPU Energy, Static Analysis, Voltage and Frequency Scaling},
}


@InProceedings{baskaran-ics08,
  author = 	 {Baskaran, M. and Bondhugula, U. and Krishnamoorthy, S. and
                  Ramanujam, J. and Rountev, A. and Sadayappan, P.},
  title = 	 {A Compiler Framework for Optimization of Affine Loop Nests
                  for GPGPUs},
  booktitle = {ICS'08: ACS International Conference on Supercomputing},
  year = 	 2008,
  address = 	 {Kos, Greece},
  month = 	 {June}}

@inproceedings{baskaran-etal-cgo10,
  author    = {Baskaran, M. M. and Hartono, A. and Tavarageri, S. and
                  Henretty, T. and Ramanujam, J. and Sadayappan, P.},
  title     = {Parameterized tiling revisited},
  booktitle = {CGO},
  year      = {2010},
  pages     = {200-209},
  ee        = {http://doi.acm.org/10.1145/1772954.1772983}
}

@InProceedings{bastoul-pact04,
  author =       {C. Bastoul},
  title =        {Code Generation in the Polyhedral Model is Easier than you
                  Think},
  booktitle =    {PACT'13: IEEE International Conference on Parallel
                  Architectures and Compilation and Techniques},
  year =         2004,
  month =        {September},
  pages =        {7--16},
  address =      {Juan-les-Pins}
}

@InProceedings{bastoul-lcpc03,
  author =       {C. Bastoul and A. Cohen and A. Girbal and S. Sharma and
                  O. Temam},
  title =        {Putting polyhedral loop transformations to work},
  booktitle =    {LCPC'16 International Workshop on Languages and Compilers
                  for Parallel Computers, LNCS 2958},
  year =         2003,
  month =        {october},
  pages =        {209--225},
  note =	"see also INRIA Tech Report4902 at
                  \texttt{http://www.inria.fr/rrrt/rr-4902.html} for a
                  detailed version.",
  address =      {College Station}
}

Reservoir Labs, Inc.

@InProceedings{bastoulPMEA09,
  author = 	 {Bastoul, C. and Vasilache, N. and Leung, A. and Meister,
                  B. and Wohlford, D. and Lethin R.},
  title = 	 {Extended Static Control Programs as a Programming Model for
                  Accelerators, A Case Study: Targetting ClearSpeed CSX700
                  With the R-Stream Compiler},
  booktitle = {First Workshop on Programming Models for Emerging
                  Architectures (PMEA)},
  pages = 	 {to appear},
  year = 	 2009,
  address = 	 {Raleigh, NC},
  month = 	 {Sept}}

@InProceedings{BKKPS-lpcc94,
  author = 	 {Bau, D. and Kodukula, I. and Kotlyar, V. and Pingali, K. and
		  Stoghill, P.},
  title = 	 {Solving Alignment Using Elementary Linear Algebra},
  booktitle = 	 {LCPC~94},
  volume =	 {LNCS 892},
  year =	 1994,
  publisher =	 {Springer Verlag},
  pages =	 {46-60}
}

@MastersThesis{vamshi-thesis,
  author = 	 {Basupalli, V.},
  title = 	 {The {AlphaZ} Verifier},
  school = 	 {Colorado State University},
  year = 	 2011,
  address = 	 {Computer Science Department},
  month = 	 {Sept}}


@InProceedings{ompVerify-iwomp2011,
  author = 	 {Basupalli, V. and Yuki, T. and Rajopadhye, S. and Morvan,
                  A. and Derrien, S. and Quinton, P. and Wonnacott, D.},
  title = 	 {ompVerify: Polyhedral Analysis for the OpenMP Programmer},
  booktitle = {IWOMP '2011: 7th International Workshop on OpenMP},
  pages = 	 {37--53},
  year = 	 2011,
  editor = 	 {Chapman, B. and Gropp, W. and Kumaran, K. and Muller, M.},
  address = 	 {Chicago},
  month = 	 {June}}

@Book{BazShe,
  author =       "Bazara, S. M. and Shetty, M. C.",
  title =        "{Nonlinear Programming: Theory and Application}",
  publisher =    "John Willey and Sons",
  year =         "1979"
}

@inproceedings{belviranli-ics15,
 author = {Belviranli, Mehmet E. and Deng, Peng and Bhuyan, Laxmi N. and
                  Gupta, Rajiv and Zhu, Qi},
 title = {{PeerWave}: Exploiting Wavefront Parallelism on GPUs with Peer-SM
                  Synchronization},
 booktitle = {Proceedings of the 29th ACM on International Conference on
                  Supercomputing},
 series = {ICS '15},
 year = {2015},
 isbn = {978-1-4503-3559-1},
 location = {Newport Beach, California, USA},
 pages = {25--35},
 numpages = {11},
 url = {http://doi.acm.org/10.1145/2751205.2751243},
 doi = {10.1145/2751205.2751243},
 acmid = {2751243},
 publisher = {ACM},
 address = {New York, NY, USA},
 keywords = {decentralized synchronization, gp-gpu computing, wavefront
                  parallelism},
} 

@InProceedings{BPCB10,
  author =        {Benabderrahmane, M.-W. and Pouchet, L.-N. and Cohen A. and
                  Bastoul, C.},
  title =         {The Polyhedral Model Is More Widely Applicable Than You
                  Think},
  booktitle =     {Proceedings of the International Conference on Compiler
                  Construction ({ETAPS CC'10})},
  year =          2010,
  series =        {LNCS},
  address =       {Paphos, Cyprus},
  pages =         {283--303},
  month =         Mar,
  publisher =     {Springer-Verlag},
}

@inproceedings{bender-soda14,
 author = {Bender, Michael A. and Ebrahimi, Roozbeh and Fineman, Jeremy T. and
                  Ghasemiesfeh, Golnaz and Johnson, Rob and McCauley, Samuel},
 title = {Cache-adaptive Algorithms},
 booktitle = {Proceedings of the Twenty-fifth Annual ACM-SIAM Symposium on
                  Discrete Algorithms},
 series = {SODA '14},
 year = {2014},
 isbn = {978-1-611973-38-9},
 location = {Portland, Oregon},
 pages = {958--971},
 numpages = {14},
 url = {http://dl.acm.org/citation.cfm?id=2634074.2634145},
 acmid = {2634145},
 publisher = {Society for Industrial and Applied Mathematics},
 address = {Philadelphia, PA, USA},
 keywords = {cache adaptive, cache oblivious, external memory, memory
                  adaptive, paging algorithms},
} 

@inproceedings{Bertolacci15,
 	author = {Bertolacci, Ian J. and Olschanowsky, Catherine and
                  Harshbarger, Ben and Chamberlain, Bradford L. and Wonnacott,
                  David G. and Strout, Michelle Mills},
 	title = {Parameterized Diamond Tiling for Stencil Computations with
                  Chapel Parallel Iterators},
 	booktitle = {Proceedings of the 29th ACM on International Conference
                  on Supercomputing},
 	series = {ICS '15},
 	year = 2015,
 	isbn = {978-1-4503-3559-1},
 	location = {Newport Beach, California, USA},
 	pages = {197--206},
 	numpages = 10,
 	url = {http://doi.acm.org/10.1145/2751205.2751226},
 	doi = {10.1145/2751205.2751226},
 	acmid = 2751226,
 	publisher = {ACM},
 	address = {New York, NY, USA}
}

@article{bhaskaracharya-toplas16,
 author = {Bhaskaracharya, Somashekaracharya G. and Bondhugula, Uday and
                  Cohen, Albert},
 title = {Automatic Storage Optimization for Arrays},
 journal = {ACM Trans. Program. Lang. Syst.},
 issue_date = {May 2016},
 volume = {38},
 number = {3},
 month = apr,
 year = {2016},
 issn = {0164-0925},
 pages = {11:1--11:23},
 articleno = {11},
 numpages = {23},
 url = {http://doi.acm.org/10.1145/2845078},
 doi = {10.1145/2845078},
 acmid = {2845078},
 publisher = {ACM},
 address = {New York, NY, USA},
 keywords = {Compilers, array contraction, memory optimization, polyhedral
                  framework, storage mapping optimization},
}

@inproceedings{bhaskaracharya-popl16,
 author = {Bhaskaracharya, Somashekaracharya G. and Bondhugula, Uday and
                  Cohen, Albert},
 title = {SMO: An Integrated Approach to Intra-array and Inter-array Storage
                  Optimization},
 booktitle = {Proceedings of the 43rd Annual ACM SIGPLAN-SIGACT Symposium on
                  Principles of Programming Languages},
 series = {POPL '16},
 year = {2016},
 isbn = {978-1-4503-3549-2},
 location = {St. Petersburg, FL, USA},
 pages = {526--538},
 numpages = {13},
 url = {http://doi.acm.org/10.1145/2837614.2837636},
 doi = {10.1145/2837614.2837636},
 acmid = {2837636},
 publisher = {ACM},
 address = {New York, NY, USA},
 keywords = {Compilers, array contraction, memory optimization, polyhedral
                  framework, storage mapping optimization},
} 

@book{bertsekas89,
author=		"Bertsekas, D. P. and Tsitsiklis, J. N.",
title=		"Parallel and Distributed Computation -- Numerical Methods",
publisher=	"Prentice Hall",
year=		1989}

@InCollection{bird-lncs89,
author=		"Bird, R. S.",
title=		"Lectures on Constructive Functional Programming",
booktitle=	"Constructive Methods in Computing Science",
publisher=	"Springer-Verlag",
year=		"1989",
editor=		"Broy, M."
}

@Article{BK88,
  author =      "F. Bitz and H. T. Kung ",
  title =       "{Path Planning on the WARP Computer: Using  a
                 Linear Systolic  Array   in   Dynamic   Programming}",
  journal =     "Int.J.  Computer Math.",
  year =        "1988",
  volume =      "25",
  pages =       "173-188"
}

@InProceedings{bleloch-frontiers88,
author=		"Bleloch, G. and Sabot, G. W.",
title=		"Compiling Collection Oriented Languages onto Massively
		Parallel Processors",
booktitle=	"Frontiers of Massivelly Parallel Computing",
year=		"1988",
organization=	"IEEE"
}

@Article{bleloch-jpdc90,
author=		"Bleloch, G. and Sabot, G. W.",
title=		"Compiling Collection Oriented Languages onto Massively
		Parallel Processors",
journal=	"Journal of Parallel and Distributed Computing",
year=		"1990",
volume=		"8",
number=		"2",
pages=		"??",
month=		"February"
}

@Book{bleloch-scan90,
author=		"Bleloch, G.",
title=		"Vector Models for Data Parallel Computing",
publisher=	"The MIT Press",
year=		"1990"
}

@InProceedings{bod92a,
  author = 	 "Bodin, F. and Eisenbis, C. and Jalby, W. and Windheiser, D.",
  title = 	 "A quantitative algorithm for data locality optimization",
  booktitle =	 "Code Generation: Concepts, Tools and Techniques",
  year =	 1992,
  publisher =	 "Springer-Verlag"
}

@InProceedings{bodin-etal-1998,
  author = 	 {Bodin, F. and Kisuki, T. and Knijnenburg, P. M. W.  and
                  Rohou, E},
  title = 	 {Iterative Compilation in a Non-linear Optimisation Space},
  booktitle = {Workshop on Profile and Feedback Directed Compilation},
  year = 	 1998,
  note = 	 {Organized in conjunction with PACT98}}

@book{Bok87,
author=		"Bokhari, S. H.",
title=		"Assignment Problems in Parallel and Distributed Computing",
publisher=	"Kluwer Academic Publishers",
year=		1987
}

@TechReport{Bok90,
  author = 	 {Bokhari, S.},
  title = 	 {Communication Overheads on the {Intel iPSC-860 Hypercube}},
  institution =  {NASA ICASE},
  year = 	 1990,
  number =	 {Interim Report 10},
  month =	 {May}
}

@unpublished{Bok95,
  author = 	 {Bokhari, S.},
  title = 	 {Communication Overheads on the {Intel Paragon}, {IBM SP2} and
		  {Meico CS-2}},
  note =	 {NASA ICASE Interim Report 28, 1995}
}

@InProceedings{uday-pldi08,
  author = 	 {Bondhugula, U. and Hartono, A. and Ramanujam, J. and
                  Sadayappan, P.},
  title = 	 {PLuTo: A Practical and Fully Automatic Polyhedral Program
                  Optimization System},
  booktitle = {ACM Conference on Programming Language Design and
                  Implementation},
  pages = 	 {101-113},
  year = 	 2008,
  address = 	 {Tuscon, AZ},
  month = 	 {June},
  organization = {ACM SIGPLAN}}

@inproceedings{uday-pact2014,
  author    = {Bondhugula, U. and  Bandishti, V. and Cohen, A. and Potron,
                  G. and Vasilache, N},
  title     = {Tiling and Optimizing Time-Iterated Computations over Periodic
                  Domains},
  booktitle = {PACT},
  year      = {2014},
  bibsource = {DBLP, http://dblp.uni-trier.de}
}

@article{BDRR-integ94,
author=		{Boulet, P. and Darte, A. and Risset, T. and Robert, Y.},
title=		{(Pen)-ultimate tiling?},
journal=	"{INTEGRATION}, the {VLSI} journal",
volume=		17,
pages=		{33-51},
year=		{1994},
month=		{Nov?}
}

@inproceedings{Boulet-Feautrier98,
  author    = {Boulet, P. and Feautrier, P.},
  title     = {Scanning Polyhedra without {Do}-loops},
  booktitle = {IEEE PACT},
  year      = {1998},
  pages     = {4-11},
  ee        = {http://doi.ieeecomputersociety.org/10.1109/PACT.1998.727127}
}

@Article{brent74,
  author = 	 {Brent, R. P.},
  title = 	 {The Parallel Execution of Genreal Arithmetic Expressions},
  journal = 	 {Journal of the ACM},
  year = 	 1974,
  volume =	 21,
  number =	 2,
  pages =	 {201-206},
  month =	 {April}
}

@inproceedings{brent99, 
  author    = {Richard P. Brent}, 
  title     = {Some Parallel Algorithms for Integer Factorization.},
  editor    = {P. Amestoy and P. Berger and M. Dayd{\'e} and I. Duff and
                  V. Frayss{\'e} and L. Giraud and D. Ruiz},
  booktitle = {EuroPar'99 Parallel Processing}, 
  series    = {Lecture Notes in Computer Science, No. 1685},
  publisher = {Springer-Verlag},
  year      = {1999}, 
  pages     = {1--22}
}

94-10
Evaluating array expressions on massively  parallel machines with 
communication/computation overlap.
Vincent BOUCHITTE, Pierre BOULET, Alain DARTE and Yves ROBERT
22/03/94
Disponible
Proc. "CONPAR 94-VAPP VI", Lect Not in Comp Sce 854, Springer verlag, pp
713-724, (1994). To appear in "Internation Journ  Supercomp Appl & High
perfor Comp".

@article{CCK-jpdc88,
title = "Estimating interlock and improving balance for pipelined
                  architectures ",
journal = "Journal of Parallel and Distributed Computing ",
volume = "5",
number = "4",
pages = "334 - 358",
year = "1988",
issn = "0743-7315",
doi = "http://dx.doi.org/10.1016/0743-7315(88)90002-0",
url = "http://www.sciencedirect.com/science/article/pii/0743731588900020",
author = "David Callahan and John Cocke and Ken Kennedy"
}

@InProceedings{CDR-asap97,
  author = 	 {Calland, P-Y. and Dongarra, J. and Robert, Y.},
  title = 	 {Tiling with Limited Resources},
  booktitle = 	 {ASAP 97: IEEE Conference on Application Specific Systems
		  Architectures and Processors},
  year =	 1997,
  organization = {IEEE},
  address =	 {Zurich, Switzerland},
  month =	 {July},
  pages =	 {229-238}
}

@Article{CallandDR97b,
  author =       {Calland, P-Y.  and Dongarra, J. and Robert, Y.},
  title =        {Tiling with limited resources},
  journal =      {Concurrency: Practice and Experience},
  year =         {1998},
  pages =     "(to appear)"
}

@TechReport{chamski-mem91,
author=		"Chamski, Z.",
title=		"Generating Memory Efficient Imperative Data Structures from
		Systolic Programs",
institution=	"IRISA",
year=		1991,
number=		"PI-621",
address=	"Rennes, France",
month=		"December"
}

@InProceedings{chamski-scan92,
author=		"Chamski, Z.",
title=		"Scanning Polyhedra with {DO} Loop Sequences",
pages=		"??",
booktitle=	"Workshop on Parallel Algorithms",
year=		1992,
address=	"Sophia, Bulgaria",
month=		"August"
}

@MastersThesis{rajbharath-thesis,
  author = 	 {Chandramohan, Rajbharath},
  title = 	 {Hardware implementation and design space exploration for
                  Wave 2D and Jacobi 2D stencil computations},
  school = 	 {Colorado State University},
  year = 	 2016,
  month = 	 {December}}

@InProceedings{chapman-dmcc,
author=		"Chapman, and Herbeck and Zima, H.",
title=		"Automatic Support for Data Distribution",
pages=		"51-58",
booktitle=	"Distributed Memory Computer Conference, {VI}",
year=		"1991(?)",
organization=	"?",
publisher=	"?",
address=	"Portland, OR",
month=		"?"
}

@InProceedings{sidchat-popl93,
author=		"Chatterjee, S. and Gilbert, J. and Schreiber, R. and Teng,
		S-H.",
title=		"Automatic Array Alignment in Data-Parallel Programs",
pages=		"16-28",
booktitle=	"Principles of Programming Languages (POPL)",
year=		1993,
organization=	"ACM",
address=	"Charleston, S.C.",
month=		"Jan"
}

@TechReport{chen_etal08_ChillTR,
  author = 	 {Chen, C. and Chame, J. and Hall, M.},
  title = 	 {CHiLL: A Framework for Composing High-Level Loop
                  Transformations},
  institution =  {USC Computer Science Department},
  year = 	 2008,
  number = 	 {TR-08-897},
  month = 	 {June }}

@Article{CCL-jsc88,
  author = 	 {Chen, M., and Choo, Y., and Li, J.},
  title = 	 {Compiling Parallel Programs by Optimizing Performance},
  journal = 	 {Journal of Supercomputing},
  year = 	 1988,
  volume =	 2,
  pages =	 {171-207}
}

@Article{Chen_Sheu,
  author =       "Chen, T-S. and Sheu, J-P.",
  title =        "Communication-Free data Allocation Techniques for
                  Parallelizing Compilers on Multicomputers",
     journal =   "IEEE Trans. Parallel and Distrib. Syst.",
     year =      "1994",
     volume =    "5",
     number =    "8",
     pages =     "924-938",
     month =     "September"
}

@ARTICLE{cho2010interplay,
  author = {Cho, S. and Melhem, R.G.},
  title = {On the interplay of parallelization, program performance, and energy
	consumption},
  journal = {Parallel and Distributed Systems, IEEE Transactions on},
  year = {2010},
  volume = {21},
  pages = {342--353},
  number = {3},
  publisher = {IEEE}
}

@ARTICLE{cho2008corollaries,
  author = {Cho, S. and Melhem, R.},
  title = {{Corollaries to Amdahl's law for energy}},
  journal = {IEEE Computer Architecture Letters},
  year = {2008},
  volume = {7},
  pages = {25--28},
  number = {1},
  publisher = {Citeseer}
}

@inproceedings{autogen-ppopp16,
 author = {Chowdhury, Rezaul and Ganapathi, Pramod and Tithi, Jesmin Jahan and
                  Bachmeier, Charles and Kuszmaul, Bradley C. and Leiserson,
                  Charles E. and Solar-Lezama, Armando and Tang, Yuan},
 title = {AUTOGEN: Automatic Discovery of Cache-oblivious Parallel Recursive
                  Algorithms for Solving Dynamic Programs},
 booktitle = {Proceedings of the 21st ACM SIGPLAN Symposium on Principles and
                  Practice of Parallel Programming}, 
 series = {PPoPP '16},
 year = {2016},
 isbn = {978-1-4503-4092-2},
 location = {Barcelona, Spain},
 pages = {10:1--10:12},
 articleno = {10},
 numpages = {12},
 url = {http://doi.acm.org/10.1145/2851141.2851167},
 doi = {10.1145/2851141.2851167},
 acmid = {2851167},
 publisher = {ACM},
 address = {New York, NY, USA},
 keywords = {AutoGen, automatic discovery, cache-adaptive, cache-efficient,
                  cache-oblivious, divide-and-conquer, dynamic programming,
                  energy-efficient, parallel, recursive}
} 

@INPROCEEDINGS{christen-ipdps11-patus,
author={M. Christen and O. Schenk and H. Burkhart},
booktitle={Parallel Distributed Processing Symposium (IPDPS), 2011 IEEE Int.},
title={PATUS: A Code Generation and Autotuning Framework for Parallel
                  Iterative Stencil Computations on Modern
                  Microarchitectures}, 
year={2011},
pages={676-687},
doi={10.1109/IPDPS.2011.70},
ISSN={1530-2075},
month={May},}

@Article{clauss-jvsp98,
  author = 	 {Clauss, P. and Loechner, V.},
  title = 	 {Parametric Analysis of Polyhedral Iteration Spaces},
  journal = 	 {Journal of {VLSI} Signal Processing},
  year = 	 1998,
  volume =	 19,
  number =	 2,
  pages =	 {179-194},
  month =	 {July}
}

@inproceedings{cohen-etal-ics05,
  author    = {Cohen, A.  and Sigler, M. and Girbal, S. and Temam, O. and
                  Parello, D. and Vasilache, N.},
  title     = {Facilitating the search for compositions of program
                  transformations},
  booktitle = {ICS},
  year      = {2005},
  pages     = {151-160},
  ee        = {http://doi.acm.org/10.1145/1088149.1088169}
}

@InProceedings{CohenGirbalTemam_europar04,
  author = 	 {Cohen, A. and Girbal, S. and Temam, O.},
  title = 	 {A Polyhedral Approach to Ease the Composition of Program
                  Transformations},
  booktitle = {Euro-Par 2004: Parallel Processing},
  pages = 	 {292-303},
  year = 	 2004,
  volume = 	 3149,
  series = 	 {LNCS},
  publisher = {Springer}}

@InProceedings{CM-pldi95,
  author =       {Coleman, S. and McKinley, K. S.},
  title =        {Tile Size Selection using Cache Organization and Data
                  Layout},
  booktitle =    {ACM SIGPLAN Conference on Programming Language Design and
                  Implementation (PLDI)},
  year =         1995,
  month =        {june}
}

@ARTICLE{collard-ijpp95,
AUTHOR =	{Collard, J-F.},
JOURNAL =	{International Journal of Parallel Programming},
NUMBER =	{2},
TITLE =		{Automatic Parallelization of while Loops using Speculative
                  Executions},
VOLUME =	{23},
PAGES  =	{191-219},
MONTH  =	{April},
PUBLISHER =	{Springer Verlag},
YEAR =		{1995}
}

@Article{collard-etal-fuzzy-jpdc-1997,
  author = 	 {Collard, J-F. and Barthou, D. and Feautrier, P.},
  title = 	 {Fuzzy Array Data Flow Analysis},
  journal = 	 {Journal of Parallel and Distributed Computing},
  year = 	 1997,
  volume = 	 40,
  number = 	 2,
  pages = 	 {210-226},
  month = 	 {Feb}}

@ARTICLE{CFR-PPL95,
AUTHOR =	{J.-F. Collard and P. Feautrier and T. Risset},
JOURNAL =	{Parallel Processing Letters},
NUMBER =	{3},
TITLE =		{Construction of {DO} Loops from Systems of Affine
		  Constraints},
VOLUME =	{5},
YEAR =		{1995}
}

@inproceedings{ColGre:96,
 author = {Collard, J-F. and Griebl, M.},
 title = {Array Dataflow Analysis for Explicitly Parallel Programs},
 booktitle = {Proceedings of the Second International Euro-Par Conference on
                  Parallel Processing - Volume I},
 series = {Euro-Par '96},
 year = 1996,
 isbn = {3-540-61626-8},
 pages = {406--413},
 numpages = 8,
 url = {http://dl.acm.org/citation.cfm?id=646668.700794},
 acmid = 700794,
 publisher = {Springer-Verlag},
 address = {London, UK, UK},
} 

@InProceedings{cytron-icpp86,
Author=		"Cytron, Ron",
BookTitle=	"International Conference on Parallel Processing",
Title=		"Doacross: Beyond Vectorization for Multiprocessors",
Year=		"1986",
Address=	"St Charles, Il",
Pages=		"836-844"} 

@InProceedings{cytron-icpp87,
Author=		"Cytron, Ron",
BookTitle=	"International Conference on Parallel Processing",
Title=		"Limited Processor Scheduling for Doacross Loops",
Year=		"1987",
Address=	"St Charles, Il",
Pages=		"226-234"} 

@Article{dally-computer08,
  author = 	 {Dally, W. J. and Balfour, J. and Black-Shaffer, D. and Chen,
                  J. Harting, R. C. and Parikh, V. and Park, J. and Sheffield,
                  D.},
  title = 	 {Efficient Embedded Computing},
  journal = 	 {IEEE Computer},
  year = 	 2008,
  volume = 	 41,
  number = 	 7,
  pages = 	 {27--32},
  month = 	 {July}}

@Article{DKR-ppl91,
author=		"Darte, A. and Khachiyan, L. and Robert, Y.",
title=		"Linear scheduling is nearly optimal",
journal=	"Parallel Processing Letters",
year=		1991,
volume=		"1",
number=		"2",
pages=		"73-82",
month=		"December",
anote=		"Preliminary version appears in ASAP 91"
}

@InProceedings{darte-etal-sched,
author=		"Darte, A. and Khachiyan, L. and Robert, Y.",
title=		"Linear Scheduling is Close to Optimality",
booktitle=	"Proceedings, Application Specific Array Processors",
year=		1992,
editor=		"Fortes, J. and Lee, E. and Meng, T.",
pages=		"37-46",
publisher=	"IEEE Computer Society Press",
address=	"Berkeley, CA",
month=		"August",
note=		"superseded by DR-ppl91, in PPL"
}

@Article{DR-pc94,
author=		"Darte, A. and Robert, Y.",
title=		"Mapping Uniform Loop Nests onto Distributed Memory
		Architectures",
journal=	"Parallel Computing",
year=		1994,
volume=		20,
number=		"?",
pages=		"679-710",
month=		"Feb?",
note=		"Prelimininary version: LIP RR 93-03 ENS Lyon"
}

@Article{DR-ppl94,
author=		"Darte, A. and Robert, Y.",
title=		"On the Alignment Problem",
journal=	"Parallel Processing Letters",
year=		1994,
volume=		"4",
number=		"3",
pages=		"259-270",
month=		"Sept",
note=		"Prelimininary version: LIP RR 93-20, entitled ``A
		  graph-theoretic approach to the alignment problem''"
}

@Article{DR-tpds94,
author=		"Darte, A. and Robert, Y.",
title=		"Constructive Methods for Scheduling Uniform Loop Nests",
journal=	"IEEE Transactions on Parallel and Distributed Systems",
year=		1994,
volume=		"5",
number=		"8",
pages=		"814-822",
month=		"Aug",
annote=		"."
}

@Article{DR-jpdc95,
  author = 	 {Darte, A. and Robert, Y.},
  title = 	 {Affine-by statement Scheduling of Uniform and Affine Loop
		  Nests over Parametric Domains},
  journal = 	 {Journal of Parallel and Distributed Computing},
  year = 	 1995,
  volume =	 29,
  number =	 1,
  month =	 {February},
  pages =	 {43-59}
}

@InProceedings{DV-asap95,
author =	"Darte, A. and Vivien, F.",
title =		"Revisiting the Decomposition of Karp, Miller and Winograd",
organization = 	"IEEE",
booktitle = 	"International Conference on Application--Specific Array
		  Processors",
month = 	"July",
year = 		1995,
pages =		"12-25",
address = 	"Strasbourg, France"
}

@InCollection{darte99,
  author = 	 {Darte, A.},
  title = 	 {Mathematical Tools for Loop Transformations: from Systems of
                  Uniform Recurrence Equations to the Polytope Model},
  booktitle = 	 {Algorithms for Parallel Processing},
  pages =	 {147-183},
  publisher =	 {IMA Volumes in Mathematics and its Applications},
  year =	 1999,
  editor =	 {Heath, M. H. and Ranade, A. and Schreiber, R.},
  volume =	 105
}

@article{darte-lattice05,
  author    = {Darte, A. and Schreiber, R. and Villard, G.},
  title     = {Lattice-Based Memory Allocation},
  journal   = {IEEE Trans. Computers},
  volume    = {54},
  number    = {10},
  year      = {2005},
  pages     = {1242-1257},
  ee        = {http://doi.ieeecomputersociety.org/10.1109/TC.2005.167}
}

@Article{DDRR-jise98,
  author = 	 {Desprez, F. and Dongarra, J. and Rastello, F. and Robert,
                  Y.},
  title = 	 {Determining the Idle Time of a Tiling: New Results},
  journal = 	 {Journal of Information Science and Engineering},
  year = 	 1998,
  volume =	 14,
  pages =	 {167-190}
}

@TechReport{DV94-sched,
author=        "Darte, A. and Vivien, F.",
title =        "Automatic Parallelization based on Multidimensional
		Scheduling",
institution =  "Laboratiore de l'Informatique du Parallelisme",
year =          1994,
number =       "94-24",
address =      "ENS Lyon, France",
month =        "Sept"
}

@Book{DRV-sched00,
  author =	 {Darte, A. and Robert, Y. and Vivien, F.},
  title = 	 {Scheduling and Automatic Parallelization},
  publisher = 	 {Birkh\"auser},
  year = 	 2000
}

@misc{datafit,
  author = {Oakdale Engineerin},
  title = {{DataFit}},
  howpublished = "\url{http://www.oakdaleengr.com/}",
  }

@article{dathathri-etal-topc2016,
 author = {Dathathri, Roshan and Mullapudi, Ravi Teja and Bondhugula, Uday},
 title = {Compiling Affine Loop Nests for a Dynamic Scheduling Runtime on
                  Shared and Distributed Memory},
 journal = {ACM Trans. Parallel Comput.},
 issue_date = {July 2016},
 volume = {3},
 number = {2},
 month = jul,
 year = {2016},
 issn = {2329-4949},
 pages = {12:1--12:28},
 articleno = {12},
 numpages = {28},
 url = {http://doi.acm.org/10.1145/2948975},
 doi = {10.1145/2948975},
 acmid = {2948975},
 publisher = {ACM},
 address = {New York, NY, USA},
 keywords = {Parallelization, compiler-runtime framework, dataflow runtime,
                  distributed-memory architectures, dynamic scheduling,
                  polyhedral model, task parallelism},
} 

@InProceedings{degreef-memory97,
  author	= {{De Greef}, E. and Catthoor, F. and {De Man}, H.},
  title		= {Memory Size Reduction through Storage Order Optimization
		  for Embedded Parallel Multimedia Applications},
  booktitle	= {Parallel Processing and Multimedia},
  year		= 1997,
  address	= {Geneva, Switzerland},
  month		= "July"
}

@InProceedings{DG-europar96,
  author = 	 {Diederich, C. G. and Gengler, M.},
  title = 	 {Solving the Constant Degree Alignment Problem},
  booktitle = 	 {Europar~96: Parallel Processing Conference},
  volume =	 {I},
  year =	 1996,
  publisher =	 {Springer Verlag},
  address =	 {Lyon, France},
  month =	 {August},
  pages =	 {451-454}
}

@InProceedings{DR-hpcn95,
  author = 	 {Dion, M. and Robert, Y.},
  title = 	 {Mapping Affine Loop Nests: New Results},
  booktitle = 	 {High Performance Computing and Networking Conference},
  volume =	 {LNCS 919},
  year =	 1955,
  publisher =	 {Springer Verlag},
  pages =	 {184-189}
}

@inproceedings{DiVa93,
author=		"Ding, W. and {Van Dongen}, V." ,
title=		"Border Tiling: For Efficient Loop Execution on Distributed
		Memory Machines",
booktitle=	"World Transputer Congress'93 {\it Aachen}",
month=		"September",
year=		"1993"
}

@TechReport{hristo-codesign11,
  author = 	 {Hristo Djidjev},
  title = 	 {Codesign Mapping and Optimization Algorithms},
  institution =  {Los Alamos National Labs},
  year = 	 2011,
  number = 	 {Technical Report LAUR-11-10169},
  month = 	 {March}}

@INPROCEEDINGS{doerfert-impact15,
     title = {Polly's Polyhedral Scheduling in the Presence of Reductions},
     author = {Johannes Doerfert and Kevin Streit and Sebastian Hack and Zino
                  Benaissa},
     year = {2015},
     month = {Jan},
     address = {Amsterdam, Netherlands},
     booktitle = {{I}nternational {W}orkshop on {P}olyhedral {C}ompilation {T}echniques},
     booktitle_short = {IMPACT},
     webpdf =
                  {http://impact.gforge.inria.fr/impact2015/papers/impact2015-doerfert.pdf}
}

@inproceedings{Dursun09,
  	author = {Dursun, Hikmet and Nomura, Ken-ichi and Wang, Weiqiang and
                  Kunaseth, Manaschai and Peng, Liu and Seymour, Richard and
                  Kalia, Rajiv K. and Nakano, Aiichiro and Vashishta, Priya},
  	booktitle = {PDPTA},
  	editor = {Arabnia, Hamid R.},
  	publisher = {CSREA Press},
  	title = {In-{C}ore {O}ptimization of {H}igh-{O}rder {S}tencil {C}omputations},
  	year = {2009}
}

@Article{EJWB90,
  author = 	 "Eisenbis, C. and Jalby, W. and Windheiser, D. and Bodin,
		  F.",
  title = 	 "A Strategy for Array Management in Local Memory",
  journal =	 "Mathematics of Programming, B.",
  year =	 1993,
  note =	 "Special Issue on Applications of Discrete Optimization in
		  Computer Science"
}

Note: Misc{paul-pc, now superseeded by LefFea:97}

@inproceedings{Esmaeilzadeh:2011:DSE:2024723.2000108,
 author = {Esmaeilzadeh, Hadi and Blem, Emily and St. Amant, Renee and
                  Sankaralingam, Karthikeyan and Burger, Doug},
 title = {Dark Silicon and the end of Multicore Scaling},
 booktitle = {ISCA '11 Proceedings of the 38th Annual International Symposium
                  on Computer Architecture},
  month     = jun,
  isbn      = {978-1-4673-0474-0},
  year      = {2011},
 issn = {0163-5964},
 isbn = {978-1-4503-0472-6},
 pages = {365--376},
 numpages = {12},
 doi = {10.1145/2024723.2000108},
 acmid = {2000108},
 publisher = {ACM},
 address  = {San Jose, CA},
 keywords = {dark silicon, modeling, multicore, power, technology scaling}
} 

@article{toppicks12:dark-silicon,
  author={Hadi Esmaeilzadeh and  Emily Blem and Renee St. Amant and Karthikeyan Sankaralingam and Doug Burger},
  title={Dark Silicon and End of Multicore Scaling},
  journal="{IEEE Micro}",
  year={2012},
  volume={33},
  number={3},
  bib2html_pubtype = {Journal},
  bib2html_rescat = {Architecture}
}

@article{Esmaeilzadeh:2012:PLD:2324876.2324879,
 author = {Esmaeilzadeh, Hadi and Blem, Emily and St. Amant, Ren{\'e}e and
                  Sankaralingam, Karthikeyan and Burger, Doug},
 title = {Power Limitations and Dark Silicon Challenge the Future of
                  Multicore},
 journal = {ACM Trans. Comput. Syst.},
 issue_date = {August 2012},
 volume = {30},
 number = {3},
 month = aug,
 year = {2012},
 issn = {0734-2071},
 pages = {11:1--11:27},
 articleno = {11},
 numpages = {27},
 doi = {10.1145/2324876.2324879},
 acmid = {2324879},
 publisher = {ACM},
 address = {New York, NY, USA},
 keywords = {Dark silicon, modeling, multicore, power, technology scaling}
} 

@Article{feautrier88-pip,
  author =  "Feautrier, P.",
  title = "Parametric integer programming",
  journal =      "RAIRO Recherche Op\'{e}rationelle",
  year =         1988,
  volume =       22,
  number =       3,
  pages =        "243--268",
  month =        "Sep"
}

@techreport{feautrier92,
author=		"Feautrier, P.",
title=		"Toward Automatic Distribution",
number=		{92-95},
institution=	"Laboratoire MASI, Institut Blaise Pascal",
address=	"Paris, France",
month=		"Dec",
year=		1992,
annote=		"This paper addresses the problem of mapping affine loop nests
	onto distributed memory architectures.  The main idea is to zero out
	edges corresponding to the greatest communication volume, using a
	heuristic to estimate the communication volume.  A greedy strategy is
	used to select the edges to be zero-ed out.  The paper is restricted
	to mapping onto 1D--architectures and to the ``owner computes'' rule."
}

@Article{feautrier91,
author=		"Feautrier, P.",
title=		"Dataflow analysis of array and scalar references",
journal=	"International Journal of Parallel Programming",
year=		1991,
volume=		20,
number=		1,
pages=		"23-53",
month=		"Feb",
annote=		"This article explains how a simple imperative language
	program (consisting only of assignments, for loops with affine loop
	limits, and arrays with affine index expressions), can be statically
	analyzed to find the flow dependencies."
}

@techreport{feautrier92aTR,
author=		"Feautrier, P.",
title=		"Some efficient solutions to the affine scheduling problem,
		{Part I}, One-dimensional Time",
institution=	{Labaratoire MASI, Institut Blaise Pascal},
number=		28,
month=		Apr,
year=		1992,
annote=		"This paper deals with the problem of finding closed form
	schedules as affine or piecewise affine functions of the iteration
	vector of a nested loop program.  The scheduling problem is reduced to
	a small sized parametric integer programming problem."
}

@techreport{feautrier92bTR,
author=		"Feautrier, P.",
title=		"Some efficient solutions to the affine scheduling problem,
		{Part II}, Multidimensional Time",
institution=	{Labaratoire MASI, Institut Blaise Pascal},
number=		78,
month=		Oct,
year=		1992,
annote=		"This paper extends the algorithms given in
	\cite{feautrier92a} to cases in which there is no affine schedule,
	i.e. to problems whose parallel complexity is polynomial, but not
	linear.  Linear schedules are generalized to multidimensional
	schedules with lexicographic ordering as a temporal succession.
	Multidimensional affine schedules are equivalent to polynomial
	schedules.  A heuristic is given to produce a multidimensional
	schedule of the smallest dimension."
}

@article{feautrier92b,
  author    = {Paul Feautrier},
  title     = {Some Efficient Solutions to the Affine Scheduling Problem.
               {Part II}. Multidimensional Time},
  journal   = {International Journal of Parallel Programming},
  volume    = {21},
  number    = {6},
  year      = {1992},
  pages     = {389-420},
  ee        = {http://dx.doi.org/10.1007/BF01379404}
}

@article{feautrier92a,
  author    = {Paul Feautrier},
  title     = {Some Efficient Solutions to the Affine Scheduling Problem.
              {Part I}.  One-dimensional Time},
  journal   = {International Journal of Parallel Programming},
  volume    = {21},
  number    = {5},
  year      = {1992},
  pages     = {313-347},
  ee        = {http://dx.doi.org/10.1007/BF01407835}
}


@InCollection{feautrier96,
  author = 	 {Feautrier, P.},
  title = 	 {Automatic Parallelization in the Polytope Model},
  booktitle = 	 {The Data Parallel Programming Model: CNRS Spring School},
  pages =	 {79-103},
  publisher =	 {Springer Verlag},
  year =	 1996,
  editor =	 {Perin, G-R. and Darte, A.},
  address =	 {Les Ménuires, France},
  month =	 {March}
}

@Article{feo-etal-jpdc90:sisal,
  author = 	 {Feo, J. and Cann, D. and Oldehoeft, R.},
  title = 	 {A Report on the Sisal Language Project},
  journal = 	 {Journal of Parallel and Distributed Computing},
  year = 	 1990,
  volume =	 10,
  pages =	 {349-366},
  month =	 {December}
}

@Article{Fernandez_Llaberia_Valero-Garcia,
  author =       "Fernandez, A. and Llaberia, J. M. and Valero-Garcia, M.",
  title =        "Loop Transformation Using Nonunimodular Matrices",
     journal =   "IEEE Trans. Parallel and Distrib. Syst.",
     year =      "1995",
     volume =    "6",
     number =    "8",
     pages =     "832-840",
     month =     "August"
}

@InProceedings{frigo-etal-focs99,
  author = 	 {Frigo, M. and Leiserson, C. E. and Prokop, H. and
                  Ramachandran, S.},
  title = 	 {Cache-oblivious Algorithms},
  booktitle = {FOCS: IEEE Symposium on Foundations of Computer Science},
  pages = 	 {285-297},
  year = 	 1999,
  address = 	 {New York, NY},
  month = 	 {October},
  organization = {IEEE}
}

@InProceedings{frigo-strumpen-ics05,
  author = {Frigo, M. and Strumpen, V.},
  title ={Cache Oblivious Stencil Computations},
  booktitle = {International Conference on Supercomputing (ICS), 2005.},
  pages =  {361-366},
  year =  2005,
  address = {Cambridge, MA},
  month =  {June}}

@inproceedings{frigo2006cache,
  title={The cache complexity of multithreaded cache oblivious algorithms},
  author={Frigo, Matteo and Strumpen, Volker},
  booktitle={Proceedings of the eighteenth annual ACM symposium on Parallelism in algorithms and architectures},
  pages={271--280},
  year={2006},
  organization={ACM}
}

@article{Frigo2007,
 author = {Frigo, Matteo and Strumpen, Volker},
 title = {The Memory Behavior of Cache Oblivious Stencil Computations},
 journal = {J. Supercomput.},
 volume = {39},
 number = {2},
 month = feb,
 year = {2007},
 publisher = {Kluwer Academic Publishers},
 address = {Hingham, MA, USA}
} 

@Article{gil-werman-pami93,
  author = 	 {Gil, J. and Werman, M.},
  title = 	 {Computing 2-d min, median, and max filters},
  journal = 	 {IEEE Transactions on Pattern Analysis and Machine
                  Intelligence},
  year = 	 1993,
  volume =	 15,
  number =	 5,
  pages =	 {504-507}
}

@Article{gilbert-schreiber-jpdc91,
author=		"Gilbert, J. R. and Schreiber, R.",
title=		"Optimal Expression Evaluation for Data-Parallel
		Architectures",
journal=	"Journal of Parallel and Distributed Computing",
year=		1991,
volume=		13,
number=		1,
pages=		"58-64",
month=		"September"
}

@Book{golub-vanloan,
author=		"Golub, G. H. and {Van Loan}, C. F.",
title=		"Matrix computations",
publisher=	"The Johns Hopkins University Press",
year=		"1983"
}

@ARTICLE{goumas-etal-tpds2003, 
author={Goumas, G. and Athanasaki, M. and Koziris, N.}, 
journal={Parallel and Distributed Systems, IEEE Transactions on}, 
title={An efficient code generation technique for tiled iteration spaces}, 
year={2003}, 
month={Oct}, 
volume={14}, 
number={10}, 
pages={1021-1034}, 
doi={10.1109/TPDS.2003.1239870}, 
ISSN={1045-9219}}

@INPROCEEDINGS{govindaraju-etal-hpca11, 
author={Govindaraju, V. and Chen-Han Ho and Sankaralingam, K.}, 
booktitle={High Performance Computer Architecture (HPCA), 2011 IEEE 17th
                  International Symposium on},
title={Dynamically Specialized Datapaths for energy efficient computing}, 
year={2011}, 
month={Feb}, 
pages={503-514}, 
doi={10.1109/HPCA.2011.5749755}, 
ISSN={1530-0897}
}

@incollection{griebl-collard95,
author="Griebl, M. and Collard, J-F.",
title="Generation of Synchronous Code for Automatic Parallelization of {\tt
                  while} Loops",
booktitle="EURO-PAR '95",
editor="S.~Haridi and K.~Ali and P.~Magnusson",
series="Lecture Notes in Computer Science 966",
publisher="Springer-Verlag",
year="1995",
pages="315-326"
}

@article{griebl-lengauer-IJPP-1995,
author="Griebl, M. and Lengauer, C.",
title="A Communication Scheme for the Distributed Execution of Loop Nests with
                  while Loops",
journal="IJPP",
number="5",
volume="23",
year="1995",
pages={471-495}
}

@InProceedings{griebl96loopo,
  author = 	 {Griebl, M. and Lengauer, C.},
  title = 	 {The Loop Parallelizer {LooPo}},
  booktitle = {CPC 1996: Sixth Workshop on Compilers for Parallel
                  Computers},
  pages = 	 {311-320},
  year = 	 1996,
  editor = 	 {M. Gerndt},
  volume = 	 21}

@inproceedings{GLW98,
author="Martin Griebl and Christian Lengauer and Sabine Wetzel",
title="Code Generation in the Polytope Model",
booktitle="Proc. Int.\ Conf.\ on Parallel Architectures and Compilation Techniques (PACT'98)",
publisher="IEEE Computer Society Press",
year=1998,
confaddress ="Paris, France",
confmonth = oct,
pages="106--111",
}

@article{grosser-etal-ppl2014,
  author    = {Tobias Grosser and Sven Verdoolaege and Albert Cohen and
                  P. Sadayappan},
  title     = {The Relation Between Diamond Tiling and Hexagonal Tiling},
  journal   = {Parallel Processing Letters},
  volume    = {24},
  number    = {3},
  year      = {2014},
  url       = {http://dx.doi.org/10.1142/S0129626414410023},
  doi       = {10.1142/S0129626414410023}
}

@inproceedings{grosser-etal-GPUhextile-CGO2014,
  author    = {Grosser, Tobias and Cohen, Albert and Holewinski, Justin and
               Sadayappan, P. and Verdoolaege, Sven},
  title     = {Hybrid Hexagonal/Classical Tiling for {GPU}s},
  booktitle = {CGO},
  year      = 2014,
  month     = {Feb},
  pages     = 66,
  address   =  {Orlando, FL},
  ee        = {http://doi.acm.org/10.1145/2544137.2544160},
  bibsource = {DBLP, http://dblp.uni-trier.de}
}

@article{grosser-etal-topla2015,
 author = {Grosser, Tobias and Verdoolaege, Sven and Cohen, Albert},
 title = {Polyhedral {AST} Generation Is More Than Scanning Polyhedra},
 journal = {ACM Trans. Program. Lang. Syst.},
 issue_date = {August 2015},
 volume = {37},
 number = {4},
 month = jul,
 year = {2015},
 issn = {0164-0925},
 pages = {12:1--12:50},
 articleno = {12},
 numpages = {50},
 url = {http://doi.acm.org/10.1145/2743016},
 doi = {10.1145/2743016},
 acmid = {2743016},
 publisher = {ACM},
 address = {New York, NY, USA},
 keywords = {Polyhedral compilation, Presburger relations, code generation, index set splitting, unrolling},
} 

@InProceedings{grun88,
author=		"Grunwald, D. C. and Reed, D. A.",
title=		"Networks for parallel processors: measurements and
		prognostications", 
pages=		"610-619",
booktitle=	"Third Conference on Hypercube Concurrent Computer
		Applications",
year=		1988,
month=		"January"
}

@InProceedings{guibas-apl78,
author=		"Guibas, L. J. and Wyatt, D. K.",
title=		"Compilation and Delayed Evaluation in {APL}",
booktitle=	"Principles of Programming Languages",
year=		"1978",
organization=	"ACM"
}

@InProceedings{gupta-ipps92,
author=		"Gupta, M. and Bannerjee, P.",
title=		"Estimation of Communication Costs in Multiprocessors",
pages=		"xx-xx",
booktitle=	"International Parallel Processing Symposium",
year=		1992,
organization=	"ACM-IEEE",
address=	"Beverley Hills, CA",
month=		"Mar"
}

@Article{gupta-tpds91,
author=		"Gupta, M. and Bannerjee, P.",
title=		"Demonstration of Automatic Data Partitioning Techniques for
	 	Parallelizing Compilers on Multicomputers",
journal=	"IEEE Transactions on Parallel and Distributed Systems",
year=		1991,
OPTvolume=	"?",
OPTnumber=	"?",
pages=		"179-193",
month=		"Mar"
}

@inproceedings{griebl-etal-98,
  author    = {Griebl, M. and Lengauer, C. and Wetzel, S.},
  title     = {Code Generation in the Polytope Model},
  booktitle = {IEEE PACT},
  year      = {1998},
  pages     = {106-111},
  ee        = {http://doi.ieeecomputersociety.org/10.1109/PACT.1998.727179}
}

@inproceedings{stella-sc2015,
 author = {Gysi, Tobias and Osuna, Carlos and Fuhrer, Oliver and Bianco, Mauro
                  and Schulthess, Thomas C.},
 title = {STELLA: A Domain-specific Tool for Structured Grid Methods in
                  Weather and Climate Models}, 
 booktitle = {Proc. of the Int. Conf. for High Performance Computing,
                  Networking, Storage and Analysis},
 series = {SC '15},
 year = {2015},
 isbn = {978-1-4503-3723-6},
 location = {Austin, Texas},
 pages = {41:1--41:12},
 articleno = {41},
 numpages = {12},
 url = {http://doi.acm.org/10.1145/2807591.2807627},
 doi = {10.1145/2807591.2807627},
 acmid = {2807627},
 publisher = {ACM},
 address = {New York, NY, USA},
 keywords = {atmospheric model, domain-specific language, heterogeneous system, stencil},
}

@inproceedings{modesto-ics15,
 author = {Gysi, Tobias and Grosser, Tobias and Hoefler, Torsten},
 title = {MODESTO: Data-centric Analytic Optimization of Complex Stencil
                  Programs on Heterogeneous Architectures},
 booktitle = {Proc. of the 29th ACM on Int. Conf. on Supercomputing},
 series = {ICS '15},
 year = {2015},
 isbn = {978-1-4503-3559-1},
 location = {Newport Beach, California, USA},
 pages = {177--186},
 numpages = {10},
 url = {http://doi.acm.org/10.1145/2751205.2751223},
 doi = {10.1145/2751205.2751223},
 acmid = {2751223},
 publisher = {ACM},
 address = {New York, NY, USA},
 keywords = {fusion, heterogeneous systems, performance model, stencil,
                  tiling},
}

@InProceedings{hall-super91,
author=		"Hall, M. and Kennedy, K. and McKinley, K.",
title=		"Interprocedural Transformations for Parallel Code Generation",
editor=		"?",
volume=		"?",
number=		"?",
series=		"?",
pages=		"424-434",
booktitle=	"Supercomputing",
year=		1991,
organization=	"?",
publisher=	"?",
address=	"?",
month=		"?"
}

@INPROCEEDINGS{dyntile10, 
	author={Hartono, A. and Baskaran, M.M. and Ramanujam, J. and
                  Sadayappan, P.}, 
	booktitle={2010 IEEE International Symposium on Parallel Distributed
                  Processing (IPDPS)}, 
	title={{D}yn{T}ile: Parametric Tiled Loop Generation for Parallel
                  Execution on Multicore Processors}, 
	year={2010}, 
	month={April}, 
	pages={1-12}, 
}

@inproceedings{primetile09,
 	author = {Hartono, A. and Baskaran, M. M. and Bastoul, C. and Cohen,
                  A. and Krishnamoorthy, S. and Norris, B. and Ramanujam,
                  J. and Sadayappan, P.},
 	title = {Parametric Multi-level Tiling of Imperfectly Nested Loops},
 	booktitle = {in Proceedings of the 23rd International Conference on
                  Supercomputing},
 	series = {ICS '09},
	 year = {2009},
 	location = {Yorktown Heights, NY, USA},
 	pages = {147--157},
 	publisher = {ACM},
 	address = {New York, NY, USA}
} 

@inproceedings{Henretty13,
 	author = {Henretty, Tom and Veras, Richard and Franchetti, Franz and
                  Pouchet, Louis-No\"{e}l and Ramanujam, J. and Sadayappan,
                  P.},
	title = {A Stencil Compiler for Short-vector {SIMD} Architectures},
 	booktitle = {Proceedings of the 27th International ACM Conference on
                  International Conference on Supercomputing},
 	series = {ICS '13},
	 year = {2013},
	 isbn = {978-1-4503-2130-3},
	 location = {Eugene, Oregon, USA},
 	pages = {13--24},
 	numpages = {12},
 	url = {http://doi.acm.org/10.1145/2464996.2467268},
 	doi = {10.1145/2464996.2467268},
 	acmid = {2467268},
 	publisher = {ACM},
 	address = {New York, NY, USA}
} 

@Article{HKT-jpdc94,
  author = 	 "Hiranandani, S. and Kennedy, K. and Tseng, C-W.",
  title = 	 "Evaluating Compiler Optimizations for {Fortran D}",
  journal =	 "Journal Of Parallel and Distributed Computing",
  year =	 1994,
  volume =	 21,
  pages =	 "27-45"
}

@Article{hodzic-shang-tpds98,
  author = 	 {Hodzic, E. and Shang, W.},
  title = 	 {On Supernode Transformation with Minimized Total Running
                  Time},
  journal = 	 {IEEE Transactions on Parallel and Distributed Systems},
  year = 	 1998,
  volume =	 9,
  number =	 5,
  pages =	 {417-428},
  month =	 {May}
}

@article{hoffmann-odonnell-toplas81,
 author = {Hoffmann, C. M. and O'Donnell, M. J.},
 title = {Programming with Equations},
 journal = {ACM Trans. Program. Lang. Syst.},
 volume = {4},
 number = {1},
 year = {1982},
 issn = {0164-0925},
 pages = {83--112},
 doi = {http://0-doi.acm.org.catalog.library.colostate.edu/10.1145/357153.357158},
 publisher = {ACM},
 address = {New York, NY, USA},
 }

@InProceedings{HCF-popl97,
  author = 	 {H\"ogstedt, K. and Carter, L. and Ferrante, J.},
  title = 	 {Determining the Idle Time of a Tiling},
  booktitle = 	 {Principles of Programming Languages},
  year =	 1997,
  organization = {ACM},
  address =	 {Paris, France},
  month =	 {January},
  pages =	 {??}
}

@InProceedings{HCF-spaa99,
  author = 	 {H\"ogstedt, K. and Carter, L. and Ferrante, J.},
  title = 	 {Selecting tile shape for minimal execution time},
  booktitle = 	 {SPAA 1999: Eleventh ACM Symposium on Parallel Algorithms and
                  Architectures},
  pages =	 {201-211},
  year =	 1999,
  address =	 {St. Malo, France},
  month =	 {June},
  organization = {ACM}
}

@Unpublished{HCF-journal2000,
  author = 	 {H\"ogstedt, K. and Carter, L. and Ferrante, J.},
  title = 	 {An Analysis of the Execution Time of Tiled Loops},
  note = 	 {journal submission, available at
                  \texttt{http://www-cse.ucsd.edu/~ferrante/karjour.ps}},
  month =	 {March},
  year =	 2000
}

@Article{HCF-tpds03,
  author = 	 {Högstedt, K. and Carter, L. and Ferrante, J.},
  title = 	 {On the Parallel Execution Time of Tiled Loops},
  journal = 	 {IEEE Transactions on Parallel and Distributed Systems},
  year = 	 2003,
  volume =	 14,
  number =	 3,
  pages =	 {307-321},
  month =	 {March}
}

@PhdThesis{karinthesis,
  author = 	 {H\"ogstedt, K.},
  title = 	 {Predicting Performance for Tiled Perfectly Nested Loops},
  school = 	 {University of California, San Diego},
  year = 	 1999,
  address =	 {Department of Computer Science and Engineering},
  month =	 {December}
}

@inproceedings{holewinski-overtile-ics12,
 author = {Holewinski, Justin and Pouchet, Louis-No\"{e}l and Sadayappan, P.},
 title = {High-performance Code Generation for Stencil Computations on {GPU}
                  Architectures},
 booktitle = {Proc. of the 26th ACM Int. Conf. on Supercomputing},
 series = {ICS '12},
 year = {2012},
 isbn = {978-1-4503-1316-2},
 location = {San Servolo Island, Venice, Italy},
 pages = {311--320},
 numpages = {10},
 url = {http://doi.acm.org/10.1145/2304576.2304619},
 doi = {10.1145/2304576.2304619},
 acmid = {2304619},
 publisher = {ACM},
 address = {New York, NY, USA},
 keywords = {gpu, opencl, overlapped tiling, stencil},
} 

@inproceedings{hong-kim-isca2009,
 author = {Hong, Sunpyo and Kim, Hyesoon},
 title = {An Analytical Model for a {GPU} Architecture with Memory-level and
                  Thread-level Parallelism Awareness},
 booktitle = {Proceedings of the 36th Annual International Symposium on
                  Computer Architecture},
 series = {ISCA '09},
 year = {2009},
 isbn = {978-1-60558-526-0},
 location = {Austin, TX, USA},
 pages = {152--163},
 numpages = {12},
 publisher = {ACM},
 address = {New York, NY, USA},
 keywords = {GPU architecture, analytical model, cuda, memory level
                  parallelism, performance estimation, warp level parallelism},
}

@inproceedings{hong-kim-isca2010,
  author    = {Hong, S. and Kim, H.},
  title     = {An Integrated {GPU} Power and Performance Model},
  booktitle = {ISCA},
  year      = {2010},
  pages     = {280-289},
  ee        = {http://doi.acm.org/10.1145/1815961.1815998},
  bibsource = {DBLP, http://dblp.uni-trier.de}
}

@Unpublished{haskell-tutorial-2000,
  author = 	 {Hudak, Paul and Petersen, John and Fasel, Joseph},
  title = 	 {A Gentle Introduction to Haskell version 98},
  note = 	 {Available at {\tt www.haskell.org/tutorial}},
  month = 	 {June},
  year = 	 2000}

@article{ho-johnsson89,
author=		"Johnsson, S. L. and Ho, C. T.",
title=		"Optimal broadcasting and personal communication in the
		hypercube",
journal=	"IEEE Transactions on Computers",
year=		1989,
volume=		"C-38",
number=		10,
pages=		"1249-1268",
month=		"September"}

@InProceedings{HS-lcpc91,
  author = 	 {Huang, C-H. and Sadayappan, P.},
  title = 	 {Communication-free Hyperplane Partitioning of Nested Loops},
  booktitle = 	 {LCPC~91},
  volume =	 {LNCS 589},
  year =	 1991,
  publisher =	 {Springer Verlag},
  pages =	 {186-200}
}

@PROCEEDINGS{icpp91.2,
key=		"ICPP91",
title=		"Proc. 1991 International Conf. on Parallel Processing",
booktitle=	"Proc. 1991 International Conf. on Parallel Processing",
volume=		"II",
month=		Aug,
year=		1991,
address=	"St. Charles, IL",
publisher=	"Penn State Press"
}

@techreport{iooss:hal2015,
  TITLE = {{Mono-parametric Tiling is a Polyhedral Transformation}},
  AUTHOR = {Iooss, Guillaume and Rajopadhye, Sanjay and Alias, Christophe and
Zou, Yun},
  TYPE = {Research Report},
  NUMBER = {RR-8802},
  PAGES = {40},
  INSTITUTION = {{INRIA Grenoble - Rh{\^o}ne-Alpes ; CNRS}},
  YEAR = {2015},
  MONTH = Oct,
  HAL_ID = {hal-01219452},
  HAL_VERSION = {v1},
}

@InProceedings{irigoin-popl88,
author=		"Irigoin, F. and Triolet, R.",
title=		"Supernode Partitioning",
booktitle=	"15th ACM Symposium on Principles of Programming Languages",
year=		1988,
organization=	"ACM",
pages=		"319-328",
month=		"Jan"
}

@inproceedings{Irigoin-PIPS-ics-91,
 author = {Irigoin, F. and Jouvelot, P. and Triolet, R.},
 title = {Semantical Interprocedural Parallelization: An Overview of the
                  {PIPS} Project},
 booktitle = {Proceedings of the 5th International Conference on
                  Supercomputing},
 series = {ICS '91},
 year = 1991,
 isbn = {0-89791-434-1},
 location = {Cologne, West Germany},
 pages = {244--251},
 numpages = 8,
 url = {http://doi.acm.org/10.1145/109025.109086},
 doi = {10.1145/109025.109086},
 acmid = 109086,
 publisher = {ACM},
 address = {New York, NY, USA},
}

@inproceedings{itzhaky-oopsla2016,
 author = {Itzhaky, Shachar and Singh, Rohit and Solar-Lezama, Armando and
                  Yessenov, Kuat and Lu, Yongquan and Leiserson, Charles and
                  Chowdhury, Rezaul},
 title = {Deriving Divide-and-conquer Dynamic Programming Algorithms Using
                  Solver-aided Transformations},
 booktitle = {Proceedings of the 2016 ACM SIGPLAN International Conference on
                  Object-Oriented Programming, Systems, Languages, and
                  Applications},
 series = {OOPSLA 2016},
 year = {2016},
 location = {Amsterdam, Netherlands},
 pages = {145--164},
 numpages = {20},
 publisher = {ACM},
 address = {New York, NY, USA},
} 

@incollection{johnsson-2013,
year=2013,
isbn={978-3-642-16404-0},
booktitle={{GPU} Solutions to Multi-scale Problems in Science and
                  Engineering},
Series={Lecture Notes in Earth System Sciences},
editor={Yuen, David A. and Wang, Long and Chi, Xuebin and Johnsson, Lennart
                  and Ge, Wei and Shi, Yaolin},
doi={10.1007/978-3-642-16405-7_3},
title={Efficiency, Energy Efficiency and Programming of Accelerated HPC
                  Servers: Highlights of PRACE Studies},
url={http://dx.doi.org/10.1007/978-3-642-16405-7_3},
publisher={Springer Berlin Heidelberg},
author={Johnsson, Lennart},
pages={33-78},
language={English}
}

@INPROCEEDINGS{kamil-ipdps2010,
author={S. Kamil and C. Chan and L. Oliker and J. Shalf and S. Williams},
booktitle={Parallel Distributed Processing (IPDPS), 2010 IEEE International
                  Symposium on},
title={An auto-tuning framework for parallel multicore stencil computations},
year={2010},
pages={1-12},
doi={10.1109/IPDPS.2010.5470421},
ISSN={1530-2075},
month={April},}

@InProceedings{KPR-frontiers95:codegen,
  author = 	 {Kelly, W. and Pugh, W. and Rosser, E.},
  title = 	 {Code Generation for Multiple Mappings},
  booktitle = 	 {Frontiers 95: 5th Symposium on the Frontiers of Massivelly
                  Parallel Computation},
  year =	 1995,
  address =	 {McLean, VA}
}

@phdthesis{Kim2010,
 	author = {Kim, Daegon},
 	advisor = {Rajopadhye, Sanjay V.},
 	title = {Parameterized and {M}ulti-{L}evel {T}iled {L}oop
                  {G}eneration},
 	year = {2010},
 	school = {Colorado State University},
 	publisher = {Colorado State University},
 	address = {Fort Collins, CO, USA}
}

@Article{king-tpds90a,
author=		"King, C-T. and Chou, W-H. and Ni, L.",
title=		"Pipelined Data-Parallel Algorithms: {Part I}--Concept and
	 	Modelling",
journal=	"IEEE Transactions on Parallel and Distributed Systems",
year=		1990,
volume=		1,
number=		4,
pages=		"470-485",
month=		"October"
}

@Article{king-tpds90b,
author=		"King, C-T. and Chou, W-H. and Ni, L.",
title=		"Pipelined Data-Parallel Algorithms: {Part II}--Design",
journal=	"IEEE Transactions on Parallel and Distributed Systems",
year=		1990,
volume=		1,
number=		4,
pages=		"486-499",
month=		"October"
}

@inproceedings{kisuki-etal-1999,
 author = {Kisuki, Toru and Knijnenburg, Peter M. W. and O'Boyle, Michael
                  F. P. and Bodin, Fran\c{c}ois and Wijshoff, Harry A. G.},
 title = {A Feasibility Study in Iterative Compilation},
 booktitle = {Proceedings of the Second International Symposium on High
                  Performance Computing},
 series = {ISHPC '99},
 year = {1999},
 isbn = {3-540-65969-2},
 pages = {121--132},
 numpages = {12},
 url = {http://dl.acm.org/citation.cfm?id=646347.690219},
 acmid = {690219},
 publisher = {Springer-Verlag},
 address = {London, UK, UK},
}

@InProceedings{kisuki-etal-2000,
  author = 	 {Kisuki, Toru and Knijnenburg, Peter M. W. and O'Boyle,
                  Michael F. P. and Bodin, François},
  title = 	 {Combined Selection of Tile Sizes and Unroll Factors Using
                  Iterative Compilation},
  booktitle = {PACT 2000: Parallel Architectures and Compilation Techniques},
  pages = 	 {237-246},
  year = 	 2000}

@Article{knobe-jpdc90,
author=		"Knobe, K. and Lukas, J. D. and Steele, G. L.",
title=		"Data Optimization: Allocation of Arrays to reduce
	 	communication on {SIMD} machines",
journal=	"Journal of Parallel and Distributed Computing",
year=		1990,
volume=		8,
number=		"?",
pages=		"102-118",
month=		"?"
}

@InProceedings{knobe-92,
author=		"Knobe, K. and Lukas, J. D. and Dally, W. J.",
title=		"Dynamic Memory Alignment on Distributed Memory Systems",
pages=		"394-404",
booktitle=	"Proc. Workshop on Compilers for Parallel Computers",
year=		1992,
organization=	"Austrian Center for Parallel Computation",
address=	"Vienna, Austria",
month=		"July"
}

@conference{Knobe-cpc95,
author      = {Kathleen Knobe and William J. Dally},
title       = {The Subspace Model: A Theory of Shapes for Parallel
                  Systems},
booktitle   = {5th Workshop on Compilers for Parallel Computers},
address     = {Malaga, Spain},
year        = 1995,
}

@Book{knuth,
Key=		"Knuth73",
Author=		"Knuth, D. E.",
Title=		"The Art of Computer Programming, vol 3, Sorting and
		Searching",
Publisher=	"Addison-Wesley",
Year=		1973}

@Misc{kong-pouchet2014,
  author = 	 {Kong, M. and Pouchet, L-N.},
  title = 	 {Personal Communication}}

@inproceedings{Konstantinidis-etal-lcpc2013,
  author    = {Athanasios Konstantinidis and Paul H. J. Kelly and J. Ramanujam
                  and P. Sadayappan},
  title     = {Parametric {GPU} Code Generation for Affine Loop Programs},
  booktitle = {Languages and Compilers for Parallel Computing - 26th
                  International Workshop, {LCPC} 2013, San Jose, CA, USA,
                  September 25-27, 2013. Revised Selected Papers},
  pages     = {136--151},
  year      = {2013},
  url       = {http://dx.doi.org/10.1007/978-3-319-09967-5_8},
  doi       = {10.1007/978-3-319-09967-5_8}
}

@inproceedings{Krishnamoorthy07,
 	author = {Krishnamoorthy, Sriram and Baskaran, Muthu and Bondhugula,
                  Uday and Ramanujam, J. and Rountev, Atanas and Sadayappan,
                  P},
	 title = {Effective Automatic Parallelization of Stencil Computations},
 	booktitle = {Proceedings of the 28th ACM SIGPLAN Conference on
                  Programming Language Design and Implementation},
 	series = {PLDI '07},
 	year = {2007},
 	isbn = {978-1-59593-633-2},
 	location = {San Diego, California, USA},
 	pages = {235--244},
 	numpages = {10},
 	url = {http://doi.acm.org/10.1145/1250734.1250761},
 	doi = {10.1145/1250734.1250761},
 	acmid = {1250761},
 	publisher = {ACM},
 	address = {New York, NY, USA}
} 

@inproceedings{pingali-galois07,
 author = {Kulkarni, M. and Pingali, K. and Walter, B. and Ramanarayanan,
                  G. and Bala, K. and Chew, L. P.},
 title = {Optimistic Parallelism Requires Abstractions},
 booktitle = {Proceedings of the 2007 ACM SIGPLAN conference on Programming
                  language design and implementation},
 series = {PLDI '07},
 year = {2007},
 isbn = {978-1-59593-633-2},
 location = {San Diego, California, USA},
 pages = {211--222},
 numpages = {12},
 url = {http://doi.acm.org/10.1145/1250734.1250759},
 doi = {http://doi.acm.org/10.1145/1250734.1250759},
 acmid = {1250759},
 publisher = {ACM},
 address = {New York, NY, USA},
 keywords = {abstractions, irregular programs, optimistic parallelism},
}

@techreport{SPFtech10,
	Author = {LaMielle, A. and Strout, M. M.},
	Institution = {Technical Report CS-10-102 Colorado State University},
	Month = {March},
	Title = {Enabling Code Generation within the Sparse Polyhedral
                  Framework},
	Year = {2010}}

@article{lamport-74,
author=		"Lamport, Leslie",
title=		"The Parallel Execution of {DO} Loops",
journal=	"Communications of the ACM",
year=		1974,
pages=		"83-93",
month=		"February"}

@INPROCEEDINGS{Lef:96a,
        TITLE = "Gestion de la m\'emoire dans les programmes parall\`eles",
        AUTHOR = "V. Lefebvre",
        MONTH = May,
        YEAR = 1996,
        BOOKTITLE = "8eme rencontres francophones du parall\'elisme",
        PAGES = "149--152",
        PUBLISHER = {Richard Castanet and Jean Roman}
}

@InProceedings{LefFea:97,
  author = 	 {Lefebvre, V. and Feautrier, P.},
  title = 	 {Storage Management in Parallel Programs},
  booktitle = 	 {5th Euromicro Workshop on Parallel and Distributed
		  Processing},
  year =	 1997,
  organization = {IEEE},
  address =	 {London},
  month =	 {January},
  pages =	 {181-188},
  note =	 {French version presented at Renpar~8, May~96}
}

@InProceedings{LefFea-europar97,
  author	= {Lefebvre, V. and Feautrier, P.},
  title		= {Optimizing Storage Size for Static Control Programs in
		  Automatic Parallelizers},
  editor	= { Lengauer and Griebl and Gorlatch },
  booktitle	= {Euro-Par'97},
  volume	= 1300,
  series	= lncs,
  year		= 1997,
  publisher	= {Springer-Verlag}
}

@article{lefebvre-feautrier-pc98,
    author = "Vincent Lefebvre and Paul Feautrier",
    title = "Automatic storage management for parallel programs",
    journal = "Parallel Computing",
    volume = "24",
    number = "3--4",
    pages = "649--671",
    year = "1998"
}

@article{leFur96,
  author    = {{Le Fur}, M.},
  title     = {Scanning parameterized polyhedron using {F}ourier-{M}otzkin
               elimination},
  journal   = {Concurrency: Practice and Experience},
  volume    = {8},
  number    = {6},
  year      = {1996},
  pages     = {445-460},
  ee        = {http://dx.doi.org/10.1002/(SICI)1096-9128(199607)8:6$<$445::AID-CPE253$>$3.0.CO;2-G}
}
 
@PHDTHESIS{lefol97,
        AUTHOR             = {G. Le Fol},
        MONTH              = sep,
        SCHOOL             = {universit\'e de Rennes 1},
        TITLE              = {Architecture parallèle pour le
		  traitement vidéo~: contribution à la conception d'un
		  module VLSI programmable et à l'étude d'outils de
		  compilation reciblables}, 
        TYPE               = {thèse},
        YEAR               = {1997}
}

@inproceedings{Leiserson2009,
 author = {Leiserson, Charles E.},
 title = {The {Cilk}++ Concurrency Platform},
 booktitle = {Proceedings of the 46th Annual Design Automation Conference},
 series = {DAC '09},
 year = {2009},
 isbn = {978-1-60558-497-3},
 location = {San Francisco, California},
 pages = {522--527},
 numpages = {6},
 url = {http://doi.acm.org/10.1145/1629911.1630048},
 doi = {10.1145/1629911.1630048},
 acmid = {1630048},
 publisher = {ACM},
 address = {New York, NY, USA},
 keywords = {Amdahl's Law, dag model, hyperobject, multicore programming, multithreading, parallel programming, parallelism, race detection, reducer, span, speedup, work},
}

@Book{leighton92,
  author =	 {Leighton, T.},
  title = 	 {Introduction to Parallel Algorithms and Architectures:
                  Arrays, Trees, Hybercubes},
  publisher = 	 {Morgan Kaufmann Publishers},
  year = 	 1992,
  address =	 {San Mateo, CA}
}

@TECHREPORT{Leverge92a,
        AUTHOR             = {H. {Le Verge}},
        ADDRESS            = {IRISA, Campus de Beaulieu, 35042 Rennes Cedex, France},
        INSTITUTION        = {IRISA},
        MONTH              = {Feb},
        NUMBER             = {635},
        TITLE              = {A note on {Chernikova's} algorithm},
        TYPE               = {RR},
        YEAR               = {1992}
}

@TechReport{wilde94-loop,
author =       "{Le Verge}, H. and {Van Dongen}, V. and Wilde, D.",
title =        "Loop Nest Synthesis Using the Polyhedral Library",
institution =  "IRISA",
year =         1994,
number =       "PI 830",
address =      "Rennes, France",
month =        "May",
note = "Also published as INRIA Research Report 2288."
}

@InProceedings{wilde94-renpar,
author = 	"{Le Verge}, H. and {Van Dongen}, V. and Wilde, D.",
title = 	"La synth\`{e}se de nids de boucles avec la biblioth\`{e}que
         	 poly\'{e}drique",
booktitle = 	"RenPar`6",
address = 	"Lyon, France",
month = 	"Juin",
year = 		1994,
note = 		"English version ``Loop Nest Synthesis Using the Polyhedral
		 Library''in IRISA TR 830, May 1994"
}

@Book{leiserson-thesis,
Key=		"Leiserson83",
Author=		"Leiserson, C. E.",	
Title=		"Area-Efficient {VLSI} Computation",
Publisher=	"The MIT Press",
Year=		"1983",
Address=	"Boston",
Series=		"ACM-MIT Distinguished Dissertation Award series"}

@InProceedings{lengauer93,
  author = 	 {Lengauer, C.},
  title = 	 {Loop Parallelization in the Polytope Model},
  booktitle = 	 {CONCUR 93},
  pages =	 {398-416},
  year =	 1993,
  editor =	 {Best, E.},
  number =	 715,
  series =	 {Springer--Verlag Lecture Notes in Computer Science}
}

@InProceedings{lengauer-greibl95-while,
  author = 	 {Lengauer, C. and Griebl, M.},
  title = 	 {On the Parallelization of Loop Nests Containing while Loops},
  booktitle = {Proceedings of the 1st Aizu International Symposium on
                  Parallel Algorithm/Architecture Synthesis},
  pages = 	 {10-18},
  year = 	 1995,
  organization = {IEEE},
  publisher = {IEEE Computer Society Press}}

@article{li-chen91,
author=		"Li, J. and Chen, M.",
title=		"The data alignent phase in compiling programs for
		distributed memory machines",
journal=	"Journal Parallel Distributed Computing",
volume=		13,
pages=		{213-221},
year=		1991,
annote=		"This paper aimes at finding a set of suitable alignment
	functions that embed the index domains of the arrays into a common
	index domain so as to minimize the cost of data movement.  The problem
	is shown to be NP-complete for aribitrary nest of dimension 2.  A
	greedy heuristic based on bipartite graph matching is given."
}

@Article{li-chen-tpds91,
author=		"Li, J. and Chen, M. C.",
title=		"Compiling Communication Efficient Programs for Massively
		Parallel Machines",
journal=	"{IEEE} Transactions on Parallel and Distributed Systems",
year=		"1991",
volume=		"2",
number=		"3",
pages=		"361-376",
month=		"July"
}

@article{li-song-toplas04,
 author = {Li, Zhiyuan and Song, Yonghong},
 title = {Automatic Tiling of Iterative Stencil Loops},
 journal = {ACM Trans. Program. Lang. Syst.},
 issue_date = {November 2004},
 volume = {26},
 number = {6},
 month = nov,
 year = {2004},
 issn = {0164-0925},
 pages = {975--1028},
 numpages = {54},
 url = {http://doi.acm.org/10.1145/1034774.1034777},
 doi = {10.1145/1034774.1034777},
 acmid = {1034777},
 publisher = {ACM},
 address = {New York, NY, USA},
 keywords = {Caches, loop transformations, optimizing compilers},
}

@Article{Lilja94,
  author =       " Lilja, D. J. ",
  title =        "The Impact of Parallel Loop Scheduling Strategies on
                  Prefetching in a Shared Memory Multiprocessor",
     journal =   "IEEE Trans. Parallel and Distrib. Syst.",
     year =      "1994",
     volume =    "5",
     number =    "6",
     pages =     "573-584",
     month =     "June"
}

@InProceedings{Lip93,
  author = 	 {Lippens, P. and {van Meerbergen}, J. and Verhaegh, W. and
		  {van der Werf}, A.},
  title = 	 {Allocation on Multiport Memories for Hierarchical Data
		  Streams},
  booktitle = 	 {ICCAD: International Conference on Computer Aided Design},
  year =	 1993,
  organization = {IEEE},
  address =	 {Santa Clara, CA},
  month =	 {Nov}
}

@inproceedings{array-contraction-lim-lam,
 author = {Amy W. Lim and Shih-Wei Liao and Monica S. Lam},
 title = {Blocking and array contraction across arbitrarily nested loops using
                  affine partitioning},
 booktitle = {PPoPP '01: Proceedings of the eighth ACM SIGPLAN symposium on
                  Principles and practices of parallel programming},
 year = {2001},
 isbn = {1-58113-346-4},
 pages = {103--112},
 location = {Snowbird, Utah, United States},
 doi = {http://doi.acm.org/10.1145/379539.379586},
 publisher = {ACM Press},
 address = {New York, NY, USA},
 }

@inproceedings{lim-lam-ics99,
  author    = {Lim, A. W. and Cheong, G. I. and Lam, M. S.},
  title     = {An affine partitioning algorithm to maximize parallelism
               and minimize communication.},
  booktitle = {International Conference on Supercomputing},
  year      = {1999},
  pages     = {228-237},
  ee        = {http://doi.acm.org/10.1145/305138.305197},
  bibsource = {DBLP, http://dblp.uni-trier.de}
}

@inproceedings{affine-partition-lim-lam,
  author    = {Amy W. Lim and Gerald I. Cheong and Monica S. Lam},
  title     = {An affine partitioning algorithm to maximize parallelism
               and minimize communication},
  booktitle = {International Conference on Supercomputing},
  year      = {1999},
  pages     = {228-237},
  ee        = {http://doi.acm.org/10.1145/305138.305197},
  bibsource = {DBLP, http://dblp.uni-trier.de}
}

@INPROCEEDINGS{liu2009,
	author={Liu Peng and Seymour, R. and Nomura, K. and Kalia, R.K. and
                  Nakano, A. and Vashishta, P. and Loddoch, A. and Netzband,
                  M. and Volz, W.R. and Wong, C.C.},
	booktitle={IEEE International Symposium on Parallel Distributed
                  Processing (IPDPS), 2009.},
	title={High-{O}rder {S}tencil {C}omputations on {M}ulticore
                  {C}lusters},
	year={2009},
	month={may},
}

@InProceedings{LoRajOREGAMI-icpp90,
author=		"Lo, V. M. and Rajopadhye, S. and Gupta, S. and Keldsen, D.
		and Mohamed, M. A. and Telle, J.",
title=		"{OREGAMI}: Software Tools for Mapping Parallel Algorithms to
	 	Parallel Architectures",
pages=		"88-92 (vol II)",
booktitle=	"Proceedings IEEE 1990 International Conference on Parallel
	 	Processing",
year=		1990,
organization=	"IEEE Computer Society",
publisher=	"IEEE Press",
address=	"St. Charles, Il",
month=		"August"
}

@Article{LoRajOREGAMI,
author=		"Lo, V. M. and Rajopadhye, S. and Gupta, S. and Keldsen, D.
	 	and Mohamed, M. A. and Telle, J.",
title=		"{OREGAMI:} Software Tools for Mapping Parallel Algorithms to
	 	Parallel Architectures",
journal=	"International Journal of Parallel Programming",
year=		1991,
volume=		20,
pages=		"?-?",
month=		"June",
note=		"preliminary version appears in ICPP 90"
}

@Article{loraj-larcs93,
author=		"Lo, V. M. and Rajopadhye, S. and Mohamed, M. A. and Gupta, S.
		and Keldsen, D. and Nitzberg, W. and Telle, J. and Zhong, X.",
title=		"{LaRCS}: A Language for Describing Parallel Computations",
journal=	"{IEEE} Transactions on Parallel and Distributed Systems",
year=		1993,
note=		"in press"
}

@Article{loraj-tpds95,
  author = 	 {Lo, V. and Rajopadhye, S. and Telle, J. and Zhong, X.},
  title = 	 {Parallel Divide and Conquer on Meshes},
  journal = 	 {IEEE Transactions on Parallel and Distributed Systems},
  year = 	 1996,
  volume =	 7,
  number =	 10,
  month =	 {October},
  pages =	 {1049-1058}
}

@InProceedings{lukas-siam93,
author=		"Lukas, J. D.",
title=		"Data Locality for Shared Memory",
pages=		"836-839",
booktitle=	"{SIAM} Conference on Parallel Processing for Scientific
	 	Computing",
year=		1993,
organization=	"{SIAM}",
address=	"Norfolk, VA",
month=		"March"
}

@Article{maasen-scp92,
author=		"Maasen, A.",
title=		"Parallel Programming with Data-structures and higher-order
	 	Functions",
journal=	"Science of Computer Programming",
year=		1992,
volume=		18,
pages=		"1-38"
}

@article{Malas14wdb,
  author   = {Tareq M. Malas and Georg Hager and Hatem Ltaief and Holger
                  Stengel and Gerhard Wellein and David E. Keyes}, 
  title     = {Multicore-Optimized Wavefront Diamond Blocking for Optimizing
                  Stencil Updates},
  journal   = {CoRR},
  year      = {2014}, 
}

@article{Malas14energy,
  author    = {Tareq M. Malas and Georg Hager and Hatem Ltaief and David
                  E. Keyes},
  title     = {Towards Energy Efficiency and Maximum Computational Intensity
                  for Stencil Algorithms using Wavefront Diamond Temporal
                  Blocking},
  journal   = {CoRR},
  year      = 2014,
}

@Article{malas-etal-siamjsc15,
  author = 	 {Malas, Tareq M. and Hager, Georg and Ltaief, Hatem and
                  Wellein, Gerhard and Keyes, David E.},
  title = 	 {Multicore-Optimized Wavefront Diamond Blocking for
                  Optimizing Stencil Updates},
  journal = 	 {SIAM Journal on Scientific Computing},
  year = 	 2015,
  volume = 	 37,
  number = 	 4,
  pages = 	 {C439-464},
  month = 	 {July}}

@book{MT90,
   author = {Martello, S. and Toth, P.},
   publisher = {John Wiley and Sons},
   title = {Knapsack Problems: Algorithms and Computer Implementation },
   year = {1990}
}

@InProceedings{maydan-popl93,
author=		"Maydan, D. and Amarsinghe, S. P. and Lam, M.",
title=		"Array Data Flow Analysis and its use in Array Privatization",
pages=		"2-15",
booktitle=	"Principles of Programming Languages",
year=		1993,
organization=	"ACM",
month=		"January"
}

@PhdThesis{maydan-phd,
author=		"Maydan, D.",
title=		"Accurate Analysis of Array References",
school=		"Stanford University",
year=		1992,
month=		"September"
}

@TechReport{wonnacott-time-skewing-tr99a,
  author = 	 {McCalpin, J. and Wonnacott, D.},
  title = 	 {Time Skewing: A Value-Based Approach to Optimizing for
                  Memory Locality},
  institution =  {Rutgers University, Department of Computer Science},
  year = 	 1999,
  number =	 {TR-379},
  month =	 {March}
}

@InProceedings{mccoll-bsp95,
  author = 	 {McColl, W. F.},
  title = 	 {Scalable Computing},
  booktitle = 	 {Computer Science Today: Recent Trends and Developments},
  editor =	 {{van Leeuwen}, J.},
  volume =	 1000,
  year =	 1995,
  publisher =	 {Springer Verlag},
  pages =	 {46-61}
}

@inproceedings{meng-skadron-ics09,
 author = {Meng, Jiayuan and Skadron, Kevin},
 title = {Performance Modeling and Automatic Ghost Zone Optimization for
                  Iterative Stencil Loops on GPUs},
 booktitle = {Proceedings of the 23rd International Conference on
                  Supercomputing},
 series = {ICS '09},
 year = {2009},
 isbn = {978-1-60558-498-0},
 location = {Yorktown Heights, NY, USA},
 pages = {256--265},
 numpages = {10},
 url = {http://doi.acm.org/10.1145/1542275.1542313},
 doi = {10.1145/1542275.1542313},
 acmid = {1542313},
 publisher = {ACM},
 address = {New York, NY, USA},
 keywords = {ghost zone, gpu, parallel computing, stencil computation},
} 

@Article{montagne-etal-gran,
author=		"Montagne, E. and Rukoz, M. and Sur\'os, R. and Breant, F.",
title=		"Modelling Optimal Granularity when Adapting Systolic
		Algorithms to Transputer based Supercomputers",
journal=	"Parallel Computing",
year=		1994,
number=		20,
pages=		"807-814",
month=		"May"
}

@Article{Mounes-Toussi_Lilja,
  author =       "Mounes-Toussi, F. and  Lilja, D. J.",
  title =        "The Potential of Compile-Time Analysis to Adapt the
                  Cach Coherence Enforcement Strategy to the Data
                  Sharing Characteristics",
     journal =   "IEEE Trans. Parallel and Distrib. Syst.",
     year =      "1995",
     volume =    "6",
     number =    "5",
     pages =     "470-481",
     month =     "May"
}

@inproceedings{polymage-asplos15,
 author = {Mullapudi, Ravi Teja and Vasista, Vinay and Bondhugula, Uday},
 title = {PolyMage: Automatic Optimization for Image Processing Pipelines},
 booktitle = {Proceedings of the Twentieth International Conference on
                  Architectural Support for Programming Languages and
                  Operating Systems},
 series = {ASPLOS '15},
 year = {2015},
 isbn = {978-1-4503-2835-7},
 location = {Istanbul, Turkey},
 pages = {429--443},
 numpages = {15},
 url = {http://doi.acm.org/10.1145/2694344.2694364},
 doi = {10.1145/2694344.2694364},
 acmid = {2694364},
 publisher = {ACM},
 address = {New York, NY, USA},
 keywords = {domain-specific language, image processing, locality, multicores, parallelism, polyhedral optimization, tiling, vectorization},
}

@inproceedings{nguyen-etal-3.5D-sc10,
 author = {Nguyen, Anthony and Satish, Nadathur and Chhugani, Jatin and Kim,
                  Changkyu and Dubey, Pradeep},
 title = {(3.5D) Blocking Optimization for Stencil Computations on Modern
                  {CPU}s and {GPU}s},
 booktitle = {Proceedings of the 2010 ACM/IEEE International Conference for
                  High Performance Computing, Networking, Storage and
                  Analysis},
 series = {SC '10},
 year = {2010},
 isbn = {978-1-4244-7559-9},
 pages = {1--13},
 numpages = {13},
 url = {http://dx.doi.org/10.1109/SC.2010.2},
 doi = {10.1109/SC.2010.2},
 acmid = {1884658},
 publisher = {IEEE Computer Society},
 address = {Washington, DC, USA},
}

@article{CUDA,
 author = {Nickolls, John and Buck, Ian and Garland, Michael and Skadron, Kevin},
 title = {Scalable Parallel Programming with CUDA},
 journal = {Queue},
 issue_date = {March/April 2008},
 volume = {6},
 number = {2},
 month = mar,
 year = {2008},
 issn = {1542-7730},
 pages = {40--53},
 numpages = {14},
 url = {http://doi.acm.org/10.1145/1365490.1365500},
 doi = {10.1145/1365490.1365500},
 acmid = {1365500},
 publisher = {ACM},
 address = {New York, NY, USA},
} 

@MastersThesis{nicolas-dea,
author = {Nicolas, V.},
title = {Etude experimentale des parametres de communication sur le Intel
		  Paragon (in preparation)},
  school = 	 {Université de Rennes},
  year = 	 1996,
  month =	 {Sept}
}

@InBook{nyland-etal-gpu-gems3,
	Author = {Nyland, L. and Harris, M. and Prins, J.},
	Chapter = {Fast {N-Body} Simulation with {CUDA}},
	Editor = {Nguen, H.},
	Publisher = {NVIDIA Corp},
	Title = {GPU Gems-3},
	Year = {2007}}

@book{odonnell77,
 author = {O'Donnell, Michael J.},
 title = {Computing in Systems Described by Equations},
 year = {1977},
 isbn = {0387085319},
 publisher = {Springer-Verlag New York, Inc.},
 address = {Secaucus, NJ, USA},
 }

@InProceedings{OSKO-ics95,
  author = 	 {Ohta, H. and Saito, Y. and Kainaga, M. and Ono, H.},
  title = 	 {Optimal Tile Size Adjsutment in Compiling General {DOACROSS}
		  Loop Nests},
  booktitle = 	 {International Conference on Supercomputing},
  year =	 1995,
  organization = {ACM},
  address =	 {Barcelona, Spain},
  month =	 {July},
  pages =	 {270-279}
}

@InProceedings{PSCB-icpp94,
  author = 	 "Palermo, D. and Su, E. and Chandy, J. and Banerjee, P.",
  title = 	 "Communication Optimizations used in the {PARADIGM} Compiler
		  for Distributed Memory Multicomputers",
  booktitle =	 "International Conference on Parallel Processing",
  year =	 1994,
  organization = "IEEE",
  address =	 "St. Charles, IL",
  month =	 "August"
}

 @article{park-etal-modeling,
  author    = {Park, Eunjung and Cavazos, John and Pouchet, Louis-No{\"e}l and
                  Bastoul, C{\'e}dric and Cohen, Albert and Sadayappan, P.},
  title     = {Predictive Modeling in a Polyhedral Optimization Space},
  journal   = {International Journal of Parallel Programming},
  volume    = 41,
  number    = 5,
  year      = 2013,
  pages     = {704-750},
  ee        = {http://dx.doi.org/10.1007/s10766-013-0241-1},
  bibsource = {DBLP, http://dblp.uni-trier.de}
}

@InProceedings{Pas95,
  author = 	 {Passos, N. and Sha, E. and Chao, L-F.},
  title = 	 {Multi-dimensional Interleaving for Time-and-Memory Design
		  Optimization},
  booktitle = 	 {ICCD: International Conference on Computer Design},
  year =	 1995,
  organization = {IEEE},
  address =	 {Austin, Tx},
  month =	 {October},
  pages =	 {440-445}
}

@MastersThesis{tanveer-thesis,
  author = 	 {Pathan, T.},
  title = 	 {{RNA} Secondary Structure Prediction using {AlphaZ}},
  school = 	 {Colorado State University},
  year = 	 2010,
  address = 	 {Computer Science Department},
  month = 	 {August}}

@InProceedings{patterson-lcpc06,
  author = 	 {Patterson, D. A.},
  title = 	 {The Berkeley View: A New Framework and a New Platform for
                  Parallel Research},
  booktitle =	 {LCPC 2006: 9th International Workshop on Languages and
                  Compilers for Parallel Computing},
  year =	 2006,
  address =	 {New Orleans, LA},
  month =	 {November},
  note =	 {Keynote Speech}
}

@Book{Pol88,
author=		"Polychronopoulos, C. D.",
title=		"Parallel Programming and Compilers",
publisher=	"Kluwer Academic Publishers",
year=		1988
}

@InProceedings{Pop-etal-GRAPHITE-2006,
  author = 	 {Pop, S. and Cohen, A. and Bastoul, C. and Girbal, S. and
                  Silber, G-A.  and Vasilache, N.},
  title = 	 {GRAPHITE: Polyhedral Analyses and Optimizations for GCC},
  booktitle = {Proceedings of the GCC Developers' Summit},
  pages = 	 {179-193},
  year = 	 2006,
  editor = 	 {Hutton, A. J. and Ross, C. C.},
  address = 	 {Ottawa, Ontario, Canada},
  month = 	 {June}}

@InProceedings{pouchet-etal-cgo07,
  author =       {Pouchet, L.-N. and Bastoul, C. and Cohen, A. and Vasilache,
                  N.},
  title =        {Iterative optimization in the polyhedral model: {P}art {I},
                  one-dimensional time},
  booktitle =    {ACM International Conference on Code Generation and
                  Optimization (CGO'07)},
  year =         2007,
  address =      {San Jose, California},
  month =        Mar,
  keywords =     {Iterative Polyhedral Transformations},
  note =         {144-156} 
}

@inproceedings{pouchet-etal-pldi08,
  author    = {Pouchet, L-N. and Bastoul, C. and Cohen, A. and Cavazos, J.},
  title     = {Iterative optimization in the polyhedral model: {P}art {II},
               multidimensional time},
  booktitle = {PLDI},
  year      = {2008},
  pages     = {90-100},
  ee        = {http://doi.acm.org/10.1145/1375581.1375594}
}

@inproceedings{pouchet-etal-sc10,
    author = {{Louis-No\"{e}l} Pouchet and Uday Bondhugula and Cédric Bastoul
                  and Albert Cohen and J. Ramanujam},
    title = {Combined Iterative and Model-driven Optimization in an Automatic
                  Parallelization Framework},
    booktitle = {In SC '10: International Conference on High Performance
                  Computing, Networking, Storage and Analysis},
    address = { New Orleans, LA},
    year = 	 {2010},
    pages={1-11}, 
    publisher =    { IEEE Computer Society Press}
}

@InProceedings{prins90,
author=		"Prins, Jan",
title=		"A Framework for Efficient Execution of Array-based Languages
		on {SIMD} Computers",
booktitle=	"Frontiers of Massively Parallel Computing",
year=		"1990"
}

@MastersThesis{mugdha-thesis,
  author = 	 {Puranik, Mugdha},
  title = 	 {Optimal design space exploration for FPGA-based
                  accelerators: a case study on 1-D FDTD},
  school = 	 {Colorado State University},
  year = 	 2015,
  month = 	 {December}}

@article{pugh-toplas98,
 author = {Pugh, W. and Wonnacott, D.},
 title = {Constraint-based array dependence analysis},
 journal = {ACM Trans. Program. Lang. Syst.},
 volume = {20},
 number = {3},
 year = {1998},
 issn = {0164-0925},
 pages = {635-678},
 publisher = {ACM Press},
 }

@article{pugh-toplas94,
 author = {Pugh, W. and Wonnacott, D.},
 title = {Static Analysis of Upper and Lower Bounds on Dependences and
                  Parallelism},
 journal = {ACM Trans. Program. Lang. Syst.},
 volume = {16},
 number = {4},
 year = {1994},
 issn = {0164-0925},
 pages = {1248-1278},
 publisher = {ACM Press},
 }

@InProceedings{pugh-omega-sc91,
  booktitle =	 {Proceedings, ACM/IEEE Conference on Supercomputing},
  title = 	 {The Omega test: a fast and practical integer programming
                  algorithm for dependence analysis},
  author = 	 {Pugh, W.},
  pages =	 {4-13},
  year =	 1991,
  address =	 {Albuquerque, N.M.},
  note =	 {Available at \verb!http://www.cs.umd.edu/projects/omega!}
}

@article{pugh-omega-cacm92,
 author = {Pugh, W.},
 title = {A practical algorithm for exact array dependence analysis},
 journal = {Commun. ACM},
 volume = {35},
 number = {8},
 year = {1992},
 issn = {0001-0782},
 pages = {102-114},
 doi = {http://doi.acm.org/10.1145/135226.135233},
 publisher = {ACM Press},
 }

@techreport{quinn-hatcher-tr94,
author=		"Quinn, M. and Hatcher, P.",
title=		"On the utility of communication computation overlap in data
		  parallel programs",
number=		{94-80-12},
institution=	"Oregon State University",
address=	"Corvallis, OR 97331",
month=		"Aug",
year=		1994}

@Book{quinn-text,
  author = 	 {Quinn, M. J.},
  title = 	 {Parallel Programming in {C} with {MPI} and {OpenMP}},
  publisher = 	 {McGraw Hill},
  year = 	 2004,
  note = 	 {ISBN 0-07-282256-2}}

@inproceedings{rama-popl10,
  author    = {Upadrasta, R. and Cohen, A.},
  title     = {Sub-polyhedral scheduling using
                  (unit-)two-variable-per-inequality polyhedra},
  booktitle = {POPL},
  year      = {2013},
  pages     = {483-496},
  ee        = {http://doi.acm.org/10.1145/2429069.2429127}
}

@TechReport{wilde95-naive,
author=        "Quinton, P. and Rajopadhye, S. and Wilde, D.",
title =        "The Naive Execution of Affine Recurrence Equations",
institution =  "IRISA",
year =          1995,
number =       "PI 904",
address =      "Rennes, France",
month =        "Jan",
note =         "Also published as INRIA Research Report ?. Published
                at ASAP`95."
}

@TechReport{wilde95-sequential,
author=        "Quinton, P. and Rajopadhye, S. and Wilde, D.",
title =        "Deriving Imperative Code from Functional Programs",
institution =  "IRISA",
year =          1995,
number =       "PI 905",
address =      "Rennes, France",
month =        "Jan",
note =         "Also published as INRIA Research Report ?. Published
                at FPCA`95."
}

@InProceedings{wilde95-ipps,
Author =	"Quinton, P. and Rajopadhye, S. and Wilde, D.",
Booktitle =	"9th International Parallel Processing Symposium",
Organization =	"IEEE",
Title =         "Derivation of Data Parallel Code from a Functional Program",
Month =		"April",
Year =          "1995",
Address =	"Santa Barbara, CA",
Pages =         "766-772"
}

@InProceedings{wilde95-fpca,
Author =	"Quinton, P. and Rajopadhye, S. and Wilde, D.",
Title = 	"Deriving Imperative Code from Functional Programs",
Organization =	"ACM",
Booktitle =	"7th Conference on Functional Programming Languages and
		 Computer Architecture",
Month =		"Jun",
Pages = 	"36-44",
Year = 		1995,
address = 	"La Jolla, CA"
}

@Article{PaWo86,
  author = 	 {Padua, D. A. and Wolfe, M. J.},
  title = 	 {Advanced Compiler Optimizations for Supercomputers},
  journal = 	 {Communications of the {ACM}},
  year = 	 1986,
  volume =	 29,
  number =	 12,
  month =	 {December},
  pages =	 {1184-1201}
}

@InProceedings{pingali-lcpc10,
  author = 	 {Pingali, K.},
  title = 	 {Why compilers have failed, and what we can do about it},
  booktitle = {23rd International Workshop on Languages and Compilers for
                  Parallel Computing},
  year = 	 2010,
  address = 	 {Houston, TX},
  month = 	 {October},
  note = 	 {(keynote talk)}}

@InProceedings{PR-icpp90,
  author =       "Pingali, K. and Rogers, A.",
  title =        "Compiling for Locality",
  pages =        "142--146",
  editor =       "David A. Padua",
  booktitle =    "Proceedings of the 1990 International Conference on
                 Parallel Processing. Volume 2: Software",
  address =      "Urbana-Champaign, IL",
  month =        aug,
  year =         1990,
  publisher =    "Pennsylvania State University Press",
}

@InProceedings{Upadrasta-Cohen:2013,
    author = {Upadrasta, Ramakrishna and Cohen, Albert},
    title = {{Sub-Polyhedral Scheduling Using (Unit-)Two-Variable-Per-Inequality Polyhedra}},
    booktitle = {40th ACM SIGPLAN-SIGACT Symposium on Principles of Programming Languages
        (POPL 2013)},
    year = 2013,
    month = Jan,
    address = {Rome, Italy},
}

@InProceedings{ramanujam-dmcc5,
author=		"Ramanujam, J. and Sadayappan, P.",
title=		"Nested Loop Tiling for Distributed Memory Multiprocessors",
pages=		"1088-1096",
booktitle=	"Distributed Memory Computer Conference, {V}",
year=		"1990",
address=	"Charleston",
month=		"April"
}
%editor=	"?",
%organization=	"?",
%publisher=	"?",


@InProceedings{ramanujam-super91,
author=		"Ramanujam, J. and Sadayappan, P.",
title=		"Tiling Multidimensional Iteration Spaces for Non
	 	Shared-Memory Machines",
pages=		"111-120",
booktitle=	"Supercomputing 91",
year=		1991
}
%editor=	"?",
%organization=	"?",
%publisher=	"?",
%address=	"?",
%month=		"?"


@Article{RS-jpdc92,
  author = 	 {Ramanujam, J. and Sadayappan, P.},
  title = 	 {Tiling Multidimensional Iteration Spaces for
		  Multicomputers},
  journal = 	 {Journal of Parallel and Distributed Computing},
  year = 	 1992,
  volume =	 16,
  number =	 2,
  pages =	 {108-120}
}

@Article{ramanujam-tpds91,
author=		"Ramanujam, J. and Sadayappan, P.",
title=		"Compile Time Techniques for Data Distribution in Distributed
	 	Memory Machines",
journal=	"IEEE Transactions on Parallel and Distributed Systems",
year=		1991,
volume=		2,
number=		4,
pages=		"472-482",
month=		"Oct"
}

@mastersthesis{waruna-ms,
  title={Reducing off-chip Memory Accesses of Wavefront Parallel Programs in
                  {G}raphics {P}rocessing {U}nits}, 
  author={Ranasinghe, Waruna},
  school={Colorado State University},
  year={2014},
  month= {December},
  address={Conputer Science Department}
}

@inproceedings{redon-feautrier-ics94,
 author = {Redon, Xavier and Feautrier, Paul},
 title = {Scheduling Reductions},
 booktitle = {Proceedings of the 8th International Conference on
                  Supercomputing},
 series = {ICS '94},
 year = {1994},
 isbn = {0-89791-665-4},
 location = {Manchester, England},
 pages = {117--125},
 numpages = {9},
 url = {http://doi.acm.org/10.1145/181181.181319},
 doi = {10.1145/181181.181319},
 acmid = {181319},
 publisher = {ACM},
 address = {New York, NY, USA},
} 

@article{redon-paa00-scans,
  author    = {Redon, X. and Feautrier, P.},
  title     = {Detection of Scans in the Polytope Model},
  journal   = {Parallel Algorithms and  Applications},
  volume    = 15,
  number    = {3-4},
  year      = 2000,
  pages     = {229-263}
}

@inproceedings{halide-pldi13,
 author = {Ragan-Kelley, Jonathan and Barnes, Connelly and Adams, Andrew and
                  Paris, Sylvain and Durand, Fr{\'e}do and Amarasinghe,
                  Saman},
 title = {Halide: A Language and Compiler for Optimizing Parallelism,
                  Locality, and Recomputation in Image Processing Pipelines},
 booktitle = {Proceedings of the 34th ACM SIGPLAN Conference on Programming
                  Language Design and Implementation},
 series = {PLDI '13},
 year = {2013},
 isbn = {978-1-4503-2014-6},
 location = {Seattle, Washington, USA},
 pages = {519--530},
 numpages = {12},
 url = {http://doi.acm.org/10.1145/2491956.2462176},
 doi = {10.1145/2491956.2462176},
 acmid = {2462176},
 publisher = {ACM},
 address = {New York, NY, USA},
} 

@PHDTHESIS{lakshmi-thesis,
  author = {Lakshminarayanan Renganarayana},
  title = {Scalable and Efficient Tools for Multi-level Tiling},
  school = {Department of Computer Science, Colorado State University},
  year = {2008}
}

@inproceedings{ribas-icpp90,
author=		"Ribas, Hudson",
title=		"Obtaining Dependence Vectors for Nested Loop Computations",
booktitle=	"International Conference on Parallel Processing",
year=		1990,
address=	"St Charles, IL",
pages=		"212-219",
month=		"August"}

@Article{RogersPingali94,
  key =          "Rogers \&{} Pingali",
  author =       "Rogers, A. and Pingali, K.",
  title =        "Compiling for Distributed Memory Architectures",
  journal =      "IEEE Transactions on Parallel and Distributed
                 Systems",
  pages =        "281--298",
  volume =       "5",
  number =       "3",
  month =        mar,
  year =         "1994",
  location =     "CMU E\&{}S Library",
}


@InProceedings{ryoo-etal-ppopp-2008,
  author = 	 {Ryoo, S. and Rodrigues, C. I. and Baghsorkhi, S. S. and
                  Stone, S. S. and Kirk, D. and Hwu, W-M.},
  title = 	 {Optimization Principles and Application Performance
                  Evaluation of a Multithreaded {GPU} using {CUDA}},
  booktitle = {PPoPP 2008: 13th ACM Symposium on Principles and Practice of
                  Parallel Programming},
  pages = 	 {73-82},
  year = 	 2008,
  address = 	 {Salt Lake City, UT},
  month = 	 {Feb},
  organization = {ACM}}

@Book{sabot-paralation88,
author=		"Sabot, G. W.",
title=		"The Paralation Model: Architecture Independent Programming",
publisher=	"The MIT Press",
year=		"1988"
}

@INPROCEEDINGS{sakai-etal-icpp91, 
author={S. Sakai and Y. Kodama and Y. Yamaguchi}, 
booktitle={Proceedings, Fifth International Parallel Processing Symposium},
title={Prototype Implementation of a Highly Parallel Dataflow Machine {EM-4}}, 
year={1991}, 
pages={278-286}, 
doi={10.1109/IPPS.1991.153792}, 
month={Apr}
}

@inproceedings{sato-etal-isca92,
 author = {Sato, Mitsuhisa and Kodama, Yuetsu and Sakai, Shuichi and
                  Yamaguchi, Yoshinori and Koumura, Yasuhito},
 title = {Thread-based Programming for the {EM-4} Hybrid Dataflow Machine},
 booktitle = {Proceedings of the 19th Annual International Symposium on
                  Computer Architecture},
 series = {ISCA '92},
 year = {1992},
 isbn = {0-89791-509-7},
 location = {Queensland, Australia},
 pages = {146--155},
 numpages = {10},
 url = {http://doi.acm.org/10.1145/139669.139712},
 doi = {10.1145/139669.139712},
 acmid = {139712},
 publisher = {ACM},
 address = {New York, NY, USA},
}

@Article{SNSSH97,
  author =       "S. Sakata, U. Nagashima, M. Sato, S. Sekiguchi, H. Hosoya",
  title =        "Performance evaluation of a workstation cluster, {TMC
                  CM-5}, and {Intel Paragon/XP} using a parallel homology
                  analysis program", 
  journal =      "Parallel Computing",
  year =         "1997",
  number =       "22",
     pages =     "1677-1693",
}

@InProceedings{sastry-fpca93,
author=		"Sastry, A. V. S. and Clinger, W. and Ariola, Z.",
title=		"Order-of-evaluation analysis for destructive updates in strict
		functional languages with flat aggregates",
editor=		"?",
pages=		"??",
booktitle=	"Functional Programming and Computer Architecture",
year=		1993,
organization=	"?",
publisher=	"Springer Verlag, LNCS",
address=	"Copenhagen",
month=		"Jun"
}

@TechReport{schreiber-TR90,
author=		"Schreiber, R. and Dongarra, J.",
title=		"Automatic blocking of nested loops",
institution=	"RIACS",
address=	"NASA Ames Research Center",
number=		"90.38",
month=		"Aug",
year=		"1990"
}

@book{schrijver,
author=		"Schrijver, A.",
title=		"Theory of Integer and Linear Programming",
publisher=	"John Wiley and Sons",
year=		1988}

@Inbook{shirako-etal-cc-2012,
author={Shirako, Jun and Sharma, Kamal and Fauzia, Naznin and Pouchet,
                  Louis-No{\"e}l and Ramanujam, J. and Sadayappan, P. and
                  Sarkar, Vivek},
title="Analytical Bounds for Optimal Tile Size Selection",
bookTitle="Compiler Construction: 21st International Conference, CC 2012, Held
                  as Part of the European Joint Conferences on Theory and
                  Practice of Software, ETAPS 2012, Tallinn, Estonia, March 24
                  -- April 1, 2012. Proceedings",
year="2012",
publisher="Springer Berlin Heidelberg",
address="Berlin, Heidelberg",
pages="101--121",
isbn="978-3-642-28652-0",
}

@inproceedings{shrestha-lcpc14,
 author = {Shrestha, S. and Manzano, J. and Marquez, A. and Feo, J.  and Gao,
                  G.}, 
 title = {Jagged Tiling for Intra-tile Parallelism and Fine-Grain
                  Multithreading},
 booktitle = {Proceedings of the 27th International Workshop on Languages and
                  Compilers for Parallel Computing},
 series = {LCPC '14},
 year = {2014}
} 

@Article{Sto77,
author=		"Stone, H. S.",
title=		"Multiprocessor Scheduling with the Aid of Network Flow
	 	Algorithms",
journal=	"IEEE Transactions on Software Engineering",
year=		1977,
volume=		"SE-3",
number=		1,
pages=		"85-93",
month=		"January"
}

@Book{stoy,
Key="stoy",
Author="Stoy, J.",
Title="Denotational Semantics: The Scott-Stratchey Approach to Programming
	Language Theory",
Publisher="MIT Press",
Year="1977"
}

@InProceedings{strout-etal-asplos98,
  author = 	 {Strout, M. and Carter, L. and Ferrante, J. and Simon, B.},
  title = 	 {Schedule-Independent Storage Mapping for Loops},
  booktitle = {ASPLOS 1998: Proceedings of the eighth International
                  Conference on Architectural Support for Programming
                  Languages and Operating Systems},
  pages = 	 {24 - 33},
  year = 	 1998,
  address = 	 {San Jose, CS},
  month = 	 {Oct},
  organization = {ACM/IEEE}}

@Article{strout-sigplan98,
  author =       "Michelle Mills Strout and Larry Carter and Jeanne
                 Ferrante and Beth Simon",
  title =        "Schedule-Independent Storage Mapping for Loops",
  journal =      "ACM Sigplan Notices",
  volume =       "33",
  number =       "11",
  pages =        "24--33",
  month =        nov,
  year =         "1998"
}

@book{taflove,
  title={Computational Electrodynamics},
  author={Taflove, Allen and Hagness, Susan C},
  year={2005},
  publisher={Artech house}
}

@inproceedings{tang-ppopp15-cow,
 author = {Tang, Yuan and You, Ronghui and Kan, Haibin and Tithi, Jesmin Jahan
                  and Ganapathi, Pramod and Chowdhury, Rezaul A.},
 title = {Cache-oblivious Wavefront: Improving Parallelism of Recursive
                  Dynamic Programming Algorithms Without Losing
                  Cache-efficiency},
 booktitle = {Proceedings of the 20th ACM SIGPLAN Symposium on Principles and
                  Practice of Parallel Programming},
 series = {PPoPP 2015},
 year = {2015},
 isbn = {978-1-4503-3205-7},
 location = {San Francisco, CA, USA},
 pages = {205--214},
 numpages = {10},
 url = {http://doi.acm.org/10.1145/2688500.2688514},
 doi = {10.1145/2688500.2688514},
 acmid = {2688514},
 publisher = {ACM},
 address = {New York, NY, USA},
 keywords = {Cilk, cache-oblivious parallel algorithms, cache-oblivious
                  wavefront, dynamic programming, multi-core, nested parallel
                  computation},
} 

@inproceedings{Taylor:2012:DSU:2228360.2228567,
 author = {Taylor, Michael B.},
 title = {Is Dark Silicon Useful?: Harnessing the Four Horsemen of the Coming
                  Dark Silicon Apocalypse},
 booktitle = {Proceedings of the 49th Annual Design Automation Conference},
 series = {DAC '12},
 year = 2012,
 isbn = {978-1-4503-1199-1},
 location = {San Francisco, California},
 pages = {1131--1136},
 numpages = 6,
 url = {http://doi.acm.org/10.1145/2228360.2228567},
 doi = {10.1145/2228360.2228567},
 publisher = {ACM},
 keywords = {Dennardian scaling, dark silicon, dim silicon, multicore, near
                  threshold, specialization, utilization wall},
}

@PhdThesis{theobald99-earth,
  author = 	 {Theobald, Kevin, Bryan},
  title = 	 {Earth: An Efficient Architecture for Running Threads},
  school = 	 {McGill University},
  year = 	 1999,
  address = 	 {Montreal, Canada},
  month = 	 {May}}

@inproceedings{thies-pldi02,
 author = {Thies, W. and Vivien, F. and Sheldon, J. and Amarasinghe, S.},
 title = {A unified framework for schedule and storage optimization},
 booktitle = {Proceedings of the ACM SIGPLAN 2001 conference on Programming
                  language design and implementation},
 year = 2001,
 isbn = {1-58113-414-2},
 pages = {232--242},
 location = {Snowbird, Utah, United States},
 publisher = {ACM Press},
 }

@INPROCEEDINGS{tithi-ipdps2015, 
author={J. J. Tithi and P. Ganapathi and A. Talati and S. Aggarwal and
                  R. Chowdhury}, 
booktitle={2015 IEEE International Parallel and Distributed Processing
                  Symposium}, 
title={High-Performance Energy-Efficient Recursive Dynamic Programming with
                  Matrix-Multiplication-Like Flexible Kernels}, 
year={2015}, 
pages={303--312}, 
ISSN={1530--2075}, 
month={May},}

@Article{kung-thompson-cacm,
Key=		"Thompson77",
Author=		"Thompson, Clark D. and Kung, H. T.",
Title=		"Sorting on a mesh-connected parallel computer",
Journal=	"CACM",
Month=		"April",	
Year=		"1977",
Volume=		"20",	
Number=		"4",	
Pages=		"263-271"}



@InProceedings{tu-padua-privatization-lcpc94,
  author = 	 {Tu, Peng and Padua, David},
  title = 	 {Automatic array privatization},
  booktitle = {LCPC 1994: 6th International Workshop on Languages and
                  Compilers for Parallel Computing},
  pages = 	 {500-521},
  isbn="978-3-540-48308-3",
  doi="10.1007/3-540-57659-2_29",
  url="http://dx.doi.org/10.1007/3-540-57659-2_29",
  year = 	 1994}

@Book{ullman84,
  author =	 {Ullman, J. P.},
  title = 	 {Computational Aspects of VLSI},
  publisher = 	 {Computer Science Press},
  year = 	 1984,
  address =	 {Rockville, MD}
}

@Article{valiant-bsp90,
  author = 	 {Valiant, L. G.},
  title = 	 {A Bridging Model for Parallel Computation},
  journal = 	 {Communications of the ACM},
  year = 	 1990,
  volume =	 33,
  number =	 8,
  month =	 {August},
  pages =	 {103-111}
}

@inproceedings{Va93,
author=		"{Van Dongen}, V." ,
title=		"Loop Parallelization on Distributed Memory Machines: Problem
		  Statement",
booktitle=	"Proceedings of EPPP",
mounth=		"January",
year=		"1993"
}

@Article{vanHerk-prl92,
  author = 	 {{van Herk}, M.},
  title = 	 {A fast algorithm for local minimum and maximum filters on
                  rectangular and octagonal kernels},
  journal = 	 {Pattern Recognition Letters},
  year = 	 1992,
  volume =	 13,
  number =	 7,
  pages =	 {517-521}
}

@MastersThesis{swetha-ms2017,
  author = 	 {Varadarajan, Swetha},
  title = 	 {Polyhedral Optimization of {RNA-RNA} Interaction
                  Computations}, 
  school = 	 {Colorado State University},
  year = 	 2017,
  month = 	 {October}}

@InProceedings{vasilache-impact12,
  author = 	 {Vasilache, Nicolas and Meister, Benoit and Hartono, Albert
                  and Baskaran, Muthu and Wohlford, David and Lethin, Richard},
  title = 	 {Trading Off Memory For Parallelism Quality},
  booktitle = {IMPACT 201: 2nd International Workshop on Polyhedral
                  Compilation Techniques},
  year = 	 2012,
  address = 	 {Paris, France},
  month = 	 {January}}

@InProceedings{sven-impact14,
  author = 	 {Verdoolaege, Sven and Guelton, Serge and Grosser, Tobias and
                  Cohen, Albert},
  title = 	 {Schedule Trees},
  booktitle = {IMPACT'14: International Workshop on Polyhedral Compilation
                  Techniques},
  year = 	 2014,
  address = 	 {Vienna, Austria},
  month = 	 {January}}

@article{sven-ppcg-taco2013,
 author = {Verdoolaege, Sven and Carlos Juega, Juan and Cohen, Albert and
                  Ignacio G\'{o}mez, Jos{\'e} and Tenllado, Christian and
                  Catthoor, Francky},
 title = {Polyhedral Parallel Code Generation for {CUDA}},
 journal = {ACM Trans. Archit. Code Optim.},
 issue_date = {January 2013},
 volume = {9},
 number = {4},
 month = jan,
 year = {2013},
 issn = {1544-3566},
 pages = {54:1--54:23},
 articleno = {54},
 numpages = {23},
 url = {http://doi.acm.org/10.1145/2400682.2400713},
 doi = {10.1145/2400682.2400713},
 acmid = {2400713},
 publisher = {ACM},
 address = {New York, NY, USA},
 keywords = {C-to-CUDA, CUDA, GPU, PPCG., Par4All, Polyhedral model, code generation, compilers, loop transformations},
} 

@article{whaley-atlas-2001,
  title={Automated empirical optimizations of software and the {ATLAS} project},
  author={Whaley, R Clint and Petitet, Antoine and Dongarra, Jack J},
  journal={Parallel Computing},
  volume={27},
  number={1},
  pages={3--35},
  year={2001},
  publisher={Elsevier}
}

@InProceedings{wilde95-asap,
Author =	"Wilde, D. and Rajopadhye, S.",
Title =		"The Naive Execution of Affine Recurrence Equations",
Organization = 	"IEEE",
Booktitle = 	"International Conference on Application-Specific Array
		  Processors",
Pages =		"1-12",
Month = 	"July",
Year = 		1995,
Address = 	"Strasbourg, France"
}

@TechReport{wilde94-alpha,
author =       "Wilde, D.",
title =        "The {\sc Alpha} Language",
institution =  "IRISA",
year =         1994,
number =       "PI 827",
address =      "Rennes, France",
month =        "May",
note = "Also published as INRIA Research Report 2295."
}

@TechReport{wilde93-poly,
author =       "Wilde, D.",
title =        "A Library for Doing Polyhedral Operations",
institution =  "IRISA",
year =         1993,
number =       "PI 785",
address =      "Rennes, France",
month =        "Dec",
note =  "an extended version of the author's MS Thesis, Computer Science Dept,
	Oregon State University, Corvallis, OR. Dec 1993",
annote = "This report describes a library of polyhedral functions which was
	developed to support the {\sc Alpha} language environment, and which
	is general enough to satisfy the needs of researchers doing
	parallelizing compilers.  It describes the data structures used to
	represent domains, gives the motivations for the major design
	decisions, and presents the algorithms used for doing polyhedral
	operations."
}

@Mastersthesis{wilde93,
Author="Wilde,D.",
title="A Library for Doing Polyhedral Operations",
school="Oregon State University",
year = 1993,
month = "Dec",
address = "Corvallis, Oregon"
}

@TechReport{wilde93-mem,
  author = 	 {Wilde, D. K. and Rajopadhye, S.},
  title = 	 {Allocating Memory Arrays for Polyhedra},
  institution =  {INRIA},
  year = 	 1993,
  number =	 {RR-2059},
  address =	 {IRISA, Rennes},
  month =	 {July}
}

@PhdThesis{wilde-phd,
author=		"Wilde, D.",
title=		"From Alpha to Imperative Code: A Transformational Compiler
		 for an Array Based Functional Language",
school=		"Oregon State University",
year=		1995,
month=		"July"
}

@TechReport{sanjay-mem95,
author = 	"Wilde, D. and Rajopadhye, S.",
title = 	"The Power of Polyhedra",
institution = 	"Oregon State University",
address =	"Computer Science Dept, Corvallis OR 97331",
year =		1995,
number =	"95-80-8",
month =		"August"
}

@Article{sanjay-ppl97-mem,
  author = 	 {Wilde, D. and Rajopadhye, S.},
  title = 	 {Memory Reuse Analysis in the Polyhedral Model},
  journal = 	 {Parallel Processing Letters},
  year = 	 1997,
  volume =	 7,
  number =	 2,
  pages =	 {203-215},
  month =	 {June}
}
@article{roofline-cacm2009,
 author = {Williams, Samuel and Waterman, Andrew and Patterson, David},
 title = {Roofline: An Insightful Visual Performance Model for Multicore
                  Architectures},
 journal = {Commun. ACM},
 issue_date = {April 2009},
 volume = {52},
 number = {4},
 month = apr,
 year = {2009},
 issn = {0001-0782},
 pages = {65--76},
 numpages = {12},
 doi = {10.1145/1498765.1498785},
 acmid = {1498785},
 publisher = {ACM},
 address = {New York, NY, USA}
}

@Article{WL-tpds91,
author=		"Wolf, M. and Lam, M.",
title=		"Loop transformation theory and an algorithm to maximize
		parallelism",
journal=	"IEEE Transactions on Parallel and Distributed Systems",
year=		1991,
volume=		2,
number=		4,
pages=		"452-471",
month=		"Oct"
}

@InProceedings{WL-pldi91,
  author =       {Wolf, M. E. and Lam, M.},
  title =        {A Data Locality Optimizing Algorithm},
  booktitle =    {ACM SIGPLAN Conference on Programming Language Design and
                  Implementation (PLDI)},
  year =         1991,
  address =      {Totonto, CA},
  month =        {june}
}

@Article{Wol87,
author =      "Wolfe, M. J.",
title =       "Iteration space tiling for memory hierarchies ",  
journal =     "Parallel Processing for Scientific Computing (SIAM)",
year =        "1987",
pages =       "357-361"
}


@INPROCEEDINGS{wolfe.tiny.1991,
author=		"Wolfe, M. J.",
title=		"The {T}iny Loop Restructuring Research Tool",
year=		"1991",
pages=		"46-53"
}

@Book{Wol96,
  author = 	 {Wolfe, M. J.},
  title = 	 {High Performance Compilers for Parallel Computing},
  publisher = 	 {Addison-Wesley},
  year = 	 1996
}

@book{wolfram91,
author="Wolfram, Stephen",
title="Mathematica: A System for Doing Mathematics by Computer, Second Edition",
publisher="Addison--Wesley Publishing Company, Inc.",
year=1991,
annote="This book discribes the commercially available {\sc Mathematica}
symbolic mathematics system.  This system supports imperative, functional,
and rule-based programming paradigms build on top of a symbolic calculator."
}

@TechReport{wonnacott-time-skewing-tr99b,
  author = 	 {Wonnacott, D.},
  title = 	 {Achieving Scalable Locality with Time Skewing},
  institution =  {Rutgers University, Department of Computer Science},
  year = 	 1999,
  number =	 {TR-378},
  month =	 {February}
}

@InProceedings{wonnacott-lcpc99,
  author = 	 {Wonnacott, D.},
  title = 	 {Time Skewing for Parallel Computers},
  booktitle =	 {LCPC 1999: 12th International Workshop on Languages and
                  Compilers for Parallel Computing},
  pages =	 {477-480},
  year =	 1999,
  publisher =	 {Springer Verlag},
  note =	 {See
                  \texttt{http://ipdps.eece.unm.edu/2000/papers/wonnacott.pdf}
                  for a more detailed version}
}

@TechReport{wonnacott-time-skewing-tr99c,
  author = 	 {Wonnacott, D.},
  title = 	 {Time Skewing for Parallel Computers},
  institution =  {Rutgers University, Department of Computer Science},
  year = 	 1999,
  number =	 {TR-388},
  month =	 {June}
}

@article{wonnacott-ijpp2002,
 author = {Wonnacott, D.},
 title = {Achieving Scalable Locality with Time Skewing},
 journal = {IJPP: International Journal of Parallel Programming},
 volume = {30},
 number = {3},
 year = {2002},
 month = {Jun},
 numpages = {41},
 pages = {181--221},
 publisher = {Kluwer Academic Publishers},
 address = {Norwell, MA, USA},
 }

@InProceedings{wonnacott-impact2015,
  author = 	 {David Wonnacott, Tian Jin, Allison Lake},
  title = 	 {Automatic Tiling of "Mostly-Tileable" Loop Nests},
  booktitle = {IMPACT 2015: 4th International Workshop on Polyhedral
                  Compilation Techniques},
  year = 	 2015,
  address = 	 {Amsterdam, the Netherlands},
  month = 	 {Jan}}

@Article{xue-jpdc97,
  author = 	 {Xue, J.},
  title = 	 {Communication-Minimal Tiling of Uniform Dependence Loops},
  journal = 	 {Journal of Parallel and Distributed Computing},
  year = 	 1997,
  volume =	 42,
  number =	 1,
  pages =	 {42-59},
  month =	 {January (?)}
}

@Article{xue-ppl97,
  author = 	 {Xue, J.},
  title = 	 {On Tiling as a Loop Transformation},
  journal = 	 {Parallel Processing Letters},
  year = 	 1997,
  volume =	 7,
  number =	 4,
  pages =	 {490-424},
  month =	 {Oct(?)}
}

@inproceedings{Yan2013PPoPP,
 author = {Yan, Shengen and Long, Guoping and Zhang, Yunquan},
 title = {StreamScan: Fast Scan Algorithms for {GPU}s Without Global Barrier Synchronization},
 booktitle = {Proceedings of the 18th ACM SIGPLAN Symposium on Principles and Practice of Parallel Programming},
 series = {PPoPP '13},
 year = {2013},
 isbn = {978-1-4503-1922-5},
 location = {Shenzhen, China},
 pages = {229--238},
 numpages = {10},
 url = {http://doi.acm.org/10.1145/2442516.2442539},
 doi = {10.1145/2442516.2442539},
 acmid = {2442539},
 publisher = {ACM},
 address = {New York, NY, USA},
 keywords = {cuda, gpu, opencl, parallel algorithms, prefix-sum, scan},
}

@ARTICLE{yee,
author={Kane Yee},
journal={Antennas and Propagation, IEEE Transactions on},
title={Numerical Solution of Initial Boundary Value Problems Involving Maxwell's Equations in Isotropic Media},
year={1966},
volume={14},	
number={3},
pages={302-307},
doi={10.1109/TAP.1966.1138693},
ISSN={0018-926X},
month={May},}

@InProceedings{yellick-lcpc06,
  author = 	 {Yelick, K.},
  title = 	 {Compilation Techniques for Partitioned Global Address Space
                  Languages},
  booktitle = {LCPC 2006: Languages and Compilers for Parallel Computing},
  year = 	 2006,
  address = 	 {New Orleans, LA},
  month = 	 {Nov},
  organization = {ACM},
  note = 	 {Keynote Speech}}

@inproceedings{yotov-etal-pldi03,
 author = {Yotov, Kamen and Li, Xiaoming and Ren, Gang and Cibulskis, Michael
                  and DeJong, Gerald and Garzaran, Maria and Padua, David and
                  Pingali, Keshav and Stodghill, Paul and Wu, Peng},
 title = {A Comparison of Empirical and Model-driven Optimization},
 booktitle = {Proceedings of the ACM SIGPLAN 2003 Conference on Programming
                  Language Design and Implementation},
 series = {PLDI '03},
 year = {2003},
 isbn = {1-58113-662-5},
 location = {San Diego, California, USA},
 pages = {63--76},
 numpages = {14},
 acmid = {781140},
 publisher = {ACM},
 address = {New York, NY, USA},
 keywords = {BLAS, blocking, code generation, compilers, empirical optimization, memory hierarchy, model-driven optimization, program transformation, tiling, unrolling},
}

@InProceedings{yuki-cgo10,
  author = 	 {Yuki, T. and Renganarayanan, L. and Rajopadhye, S. Anderson,
                  C. and Eichenberger A. and {O'Brien}, K.},
  title = 	 {Automatic Creation of Tile Size Selection Models},
  booktitle = {CGO 2010: International Symposium on Code Generation and
                  Optimization},
  pages = 	 {190--199},
  year = 	 2010,
  address = 	 {Toronto, Canada},
  month = 	 {April},
  publisher = {ACM}}

@TechReport{zhong92-schedTR,
  author = 	 {Zhong, X.},
  title = 	 {Optimal Parallel Schedules for Uniform Recurrence Equations},
  institution =  {University of Oregon},
  year = 	 1992,
  number =	 {CIS-TR-92-12},
  address =	 {Computer Science Dept.},
  month =	 {April}
}

@Unpublished{zhong-sched,
author=		"Zhong, Xiaoxiong and Rajopadhye, Sanjay",
title=		"Optimal Parallel Schedules for Uniform Recurrence Equations",
year=		1992
}

@Book{zima-chapman90,
  author =	 {Zima, H. and Chapman, B.},
  title = 	 {Supercompilers for Parallel and Vector Computers},
  publisher = 	 {ACM Press, Frontier Series},
  year = 	 1990
}


@TechReport{zou-scan-TR,
  author = 	 {Zou, Y. and Rajopadhye, S.},
  title = 	 {Automatic Parallelization of "Inherently Sequential" Nested
                  Loop Programs},
  institution =  {Colorado State University},
  year = 	 2011,
  number = 	 {11-102},
  address = 	 {Computer Science Dept.},
  month = 	 {March}}

@InProceedings{imagine-pact06,
  author = 	 {Das, A. and Daly, W. and Mattson, P.},
  title = 	 {Compiling for Stream Processing},
  booktitle =	 {PACT 2006: 15th International Conference on Parallel
                  Architectures and Compilation Techniques},
  year =	 2006,
  address =	 {Seattle, WA}
}


@InProceedings(agrawal:cases:2005,
  author = "Sitij Agrawal and William Thies and Saman Amarasinghe",
  title = "Optimizing Stream Programs Using Linear State Space Analysis",
  url = "http://cag.lcs.mit.edu/commit/papers//05/agrawal-cases05.pdf",
  month = Sep,
  year = 2005,
  booktitle = "Int. Conf. on Compilers, Architecture, and Synthesis for
                  Embedded Systems",
  address = "San Francisco, CA",
  crossref = "cases:2005")

@Unpublished{rasmussen-safe08,
  author = 	 {Rasmussen, C. and Sottile, M. and Quinlan, D. and Weseloh,
                  W.},
  title = 	 {{SAFe} Parallel Programming: Single Assignment Fortran},
  note = 	 {talk at Microsoft Research, Redmond, WA},
  month =	 {April},
  year =	 2008
}

@InProceedings{volkov-sc08,
  author = 	 {Volkov, V. and Demmel, J. W.},
  title = 	 {Benchmarking {GPUs} to Tune Dense Linear Algebra},
  booktitle = {ACM/IEEE Conference on Supercomputing (SC08)},
  year = 	 2008,
  note = 	 {(best student paper award)}}

%%tiling technques and code generators
@INPROCEEDINGS{Renganarayana07,
	author={Renganarayana, L. and Harthikote-Matha, M. and Dewri, R. and
                  Rajopadhye, S.},
	booktitle={International Parallel and Distributed Processing
                  Symposium, 2007. IPDPS 2007. },
	series = {IPDPS '07},
	title={Towards Optimal Multi-Level Tiling for Stencil Computations},
	year={2007},
}

@book{Xue00tiling,
 	author = {Xue, Jingling},
 	title = {Loop Tiling for Parallelism},
 	year = {2000},
 	publisher = {Kluwer Academic Publishers},
 	address = {Norwell, MA, USA}
} 

@inproceedings{Tang2011,
 	author = {Tang, Yuan and Chowdhury, Rezaul Alam and Kuszmaul, Bradley
                  C. and Luk, Chi-Keung and Leiserson, Charles E.},
 	title = {The Pochoir Stencil Compiler},
 	booktitle = {Proceedings of the 23rd ACM symposium on Parallelism in
                  algorithms and architectures},
 	series = {SPAA '11},
 	year = {2011},
 	location = {San Jose, California, USA},
 	numpages = {12},
 	publisher = {ACM},
 	address = {New York, NY, USA},
} 

@inproceedings{StShPa_11CATS,
 author = {Strzodka, Robert and Shaheen, Mohammed and Pajak, Dawid and Seidel,
                  Hans-Peter},
 title = {Cache Accurate Time Skewing in Iterative Stencil Computations},
 booktitle = {Proceedings of the International Conference on Parallel
                  Processing (ICPP)},
 year = {2011},
 month = sep,
 publisher = {IEEE Computer Society}
}

@MastersThesis{prokop-thesis99,
    author = {Harald Prokop},
    title = {Cache-Oblivious Algorithms},
    school = {Massachusetts Institute of Technology, Department of Electrical
                  Engineering and Computer Science},
    year   =  {1999},
}

@InProceedings{strzodka-etal-ics10,
  author ={Strzodka, R. and Shaheen, M. and Pajak, D. and Seidel, H-P.},
  title = {Cache Oblivious Parallelograms in Iterative Stencil Computations},
  booktitle = {24th ACM/SIGARCH International Conference on Supercomputing
                  (ICS)},
  pages ={49-59},
  year = 2010,
  address ={Tsukuba, Japan},
  month ={June},
}
@online{Allinea,
  author = {Allinea},
  title = {Allinea Performance Reports},
  year = 2016,
  url = {http://www.allinea.com/products/allinea-performance-reports},
  urldate = {2016-08-02}
}

@online{PowerCap,
  author = {Linux Kernel Organization, Inc.},
  title = {Power Capping Framework},
  year = 2016,
  url = {https://www.kernel.org/doc/Documentation/power/powercap/powercap.txt},
  urldate = {2016-08-02}
}

@online{Perf,
  author = {Linux Kernel Organization, Inc.},
  title = {perf: Linux profiling with performance counters},
  year = 2016,
  url = {https://perf.wiki.kernel.org/index.php/Main_Page},
  urldate = {2016-08-02}
}
