@article{Camargo-etal-COR-2012,
title = "A knapsack problem as a tool to solve the production planning problem
                  in small foundries",
journal = "Computers and Operations Research",
volume = "39",
number = "1",
pages = "86--92",
year = "2012",
note = "Special Issue on Knapsack Problems and Applications",
issn = "0305--0548",
doi = "https://doi.org/10.1016/j.cor.2010.10.023",
url = "http://www.sciencedirect.com/science/article/pii/S0305054810002522",
author = "Victor C.B. Camargo and Leandro Mattiolli and Franklina
                  M.B. Toledo",
keywords = "Knapsack, Lot-sizing, Genetic algorithm, Foundries"
}

@book{Cormen-etal-Algorithms-2009,
 author = {Cormen, Thomas H. and Leiserson, Charles E. and Rivest, Ronald
                  L. and Stein, Clifford},
 title = {Introduction to Algorithms, Third Edition},
 year = {2009},
 isbn = {0262033844, 9780262033848},
 edition = {3rd},
 publisher = {The MIT Press},
} 

@article{Hirschberg-CACM-1975,
 author = {Hirschberg, D. S.},
 title = {A Linear Space Algorithm for Computing Maximal Common Subsequences},
 journal = {Commun. ACM},
 issue_date = {June 1975},
 volume = {18},
 number = {6},
 month = jun,
 year = {1975},
 issn = {0001-0782},
 pages = {341--343},
 numpages = {3},
 url = {http://doi.acm.org/10.1145/360825.360861},
 doi = {10.1145/360825.360861},
 acmid = {360861},
 publisher = {ACM},
 address = {New York, NY, USA},
 keywords = {editing, longest common sequence, string correction, subsequence},
}

@article{Horowitz-Sahni-JACM-1974,
 author = {Horowitz, Ellis and Sahni, Sartaj},
 title = {Computing Partitions with Applications to the Knapsack Problem},
 journal = {J. ACM},
 issue_date = {April 1974},
 volume = {21},
 number = {2},
 month = apr,
 year = {1974},
 issn = {0004-5411},
 pages = {277--292},
 numpages = {16},
 url = {http://doi.acm.org/10.1145/321812.321823},
 doi = {10.1145/321812.321823},
 acmid = {321823},
 publisher = {ACM},
 address = {New York, NY, USA},
}

@Book{Hu-IPNF-book-1969,
  author = 	 {Hu, T. C.},
  title = 	 {Integer Programming and Network Flows},
  publisher = 	 {Addison Wesley},
  year = 	 1969}

@article{Jolai-etal-AppMathComp-2007,
title = "Exact algorithm for bi-objective 0-1 knapsack problem",
journal = "Applied Mathematics and Computation",
volume = "194",
number = "2",
pages = "544--551",
year = "2007",
issn = "0096--3003",
doi = "https://doi.org/10.1016/j.amc.2007.04.062",
url = "http://www.sciencedirect.com/science/article/pii/S0096300307005097",
author = "Fariborz Jolai and M.J. Rezaee and M. Rabbani and J. Razmi and Pariviz Fattahi",
keywords = "Bi-objective 0-1 knapsack problem, Multiple objective mathematical programming, Linear programming"
}

@Book{Kellerer-etal-KP-book-2004,
  author = 	 {Kellerer, H. and Pferschy, U. and Pisinger, D.},
  title = 	 {Knapsack Problems},
  publisher = 	 {Springer},
  year = 	 2004,
  address = 	 {Berlin, Heidelberg}}

@article{Rooderkerk-vanHeerde-EJOR-2016,
title = "Robust optimization of the 0-1 knapsack problem: Balancing risk and
                  return in assortment optimization",
journal = "European Journal of Operational Research",
volume = "250",
number = "3",
pages = "842--854",
year = "2016",
issn = "0377--2217",
doi = "https://doi.org/10.1016/j.ejor.2015.10.014",
url = "http://www.sciencedirect.com/science/article/pii/S0377221715009212",
author = "Robert P. Rooderkerk and Harald J. van Heerde",
keywords = "Retailing, Assortments, Risk-return, Efficient Frontier, Robust
                  optimization, Knapsack problem"
}

@article{Pisinger:2005:HKP:1063636.1063640,
 author = {Pisinger, David},
 title = {Where Are the Hard Knapsack Problems?},
 journal = {Comput. Oper. Res.},
 issue_date = {September 2005},
 volume = {32},
 number = {9},
 month = sep,
 year = {2005},
 issn = {0305-0548},
 pages = {2271--2284},
 numpages = {14},
 url = {http://dx.doi.org/10.1016/j.cor.2004.03.002},
 doi = {10.1016/j.cor.2004.03.002},
 acmid = {1063640},
 publisher = {Elsevier Science Ltd.},
 address = {Oxford, UK, UK},
 keywords = {branch-and-bound, dynamic programming, knapsack problem, test instances},
} 
